timestamp,datetime,bp1,bv1,ap1,av1,bp2,bv2,ap2,av2,bp3,bv3,ap3,av3,bp4,bv4,ap4,av4,bp5,bv5,ap5,av5,bp6,bv6,ap6,av6,bp7,bv7,ap7,av7,bp8,bv8,ap8,av8,bp9,bv9,ap9,av9,bp10,bv10,ap10,av10,
1537189139.37,2018-09-17 20:58:59,6452.79000000,0.00955000,6454.10000000,0.01826200,6450.07000000,2.56633900,6454.11000000,0.00318600,6450.06000000,0.02834900,6454.29000000,0.01642800,6450.04000000,0.50000000,6455.58000000,0.21884600,6450.00000000,2.98919600,6455.59000000,0.61670000,6449.78000000,0.06881800,6455.64000000,0.50000000,6448.55000000,0.50000000,6455.85000000,2.00000000,6447.99000000,0.40070900,6455.97000000,0.19987200,6447.97000000,0.07970200,6456.00000000,0.00618100,6447.08000000,0.50000000,6456.81000000,0.69743500,
1537189142.62,2018-09-17 20:59:02,6452.80000000,2.77986000,6454.10000000,0.01626200,6452.79000000,0.00003400,6454.11000000,0.00318600,6450.08000000,0.00788800,6454.29000000,0.01642800,6450.06000000,0.02834900,6454.31000000,0.50000000,6450.04000000,0.50000000,6455.59000000,0.61670000,6450.00000000,2.98919600,6455.64000000,0.50000000,6449.78000000,0.06881800,6455.85000000,2.00000000,6447.99000000,0.40070900,6455.97000000,0.19987200,6447.97000000,0.07970200,6456.00000000,0.00618100,6447.08000000,0.50000000,6456.81000000,0.69743500,
1537189587.47,2018-09-17 21:06:27,6443.02000000,0.08654300,6445.40000000,0.67215300,6443.01000000,0.00325900,6445.41000000,1.00000000,6443.00000000,0.15000000,6445.43000000,2.00000000,6442.07000000,0.00000700,6445.45000000,0.06000000,6442.00000000,0.65837100,6445.48000000,0.61610000,6438.78000000,0.04717300,6445.51000000,0.15915500,6438.72000000,0.00500000,6445.53000000,3.85207700,6438.43000000,1.01657300,6446.88000000,0.05125000,6438.23000000,1.00000000,6446.90000000,2.00000000,6438.11000000,0.09440800,6446.92000000,12.80000000,
1537189590.6,2018-09-17 21:06:30,6443.02000000,0.15514900,6445.29000000,0.14358600,6443.01000000,0.00325900,6445.30000000,0.02761900,6443.00000000,0.15000000,6445.32000000,1.00000000,6442.07000000,0.00000700,6445.34000000,0.61490000,6442.00000000,0.65837100,6445.38000000,0.05000000,6438.79000000,2.00000000,6445.53000000,3.85207700,6438.78000000,0.04717300,6446.90000000,2.00000000,6438.72000000,0.00500000,6447.00000000,0.15985100,6438.43000000,1.01657300,6447.11000000,1.00000000,6438.23000000,1.00000000,6447.50000000,0.07166700,
1537189593.75,2018-09-17 21:06:33,6443.02000000,0.15858800,6445.27000000,0.19358600,6443.01000000,0.00325900,6445.28000000,0.17061600,6443.00000000,0.15000000,6445.38000000,0.84672600,6442.07000000,0.00000700,6445.53000000,3.85207700,6442.00000000,0.65837100,6445.71000000,0.61550000,6438.78000000,0.04717300,6446.90000000,2.00000000,6438.72000000,0.00500000,6447.00000000,0.15985100,6438.43000000,1.01657300,6447.11000000,1.00000000,6438.23000000,1.00000000,6447.50000000,0.07166700,6438.11000000,0.09440800,6448.37000000,0.06259500,
1537189596.91,2018-09-17 21:06:36,6443.02000000,0.13235300,6445.38000000,0.64961700,6443.01000000,0.00325900,6445.53000000,3.85207700,6443.00000000,0.16800700,6445.71000000,0.61550000,6442.07000000,0.00000700,6446.90000000,2.00000000,6442.00000000,0.65837100,6447.00000000,0.15985100,6438.78000000,0.09717300,6447.11000000,1.00000000,6438.72000000,0.00500000,6447.50000000,0.07166700,6438.43000000,1.01657300,6448.37000000,0.06259500,6438.23000000,1.00000000,6449.04000000,0.37200000,6438.11000000,0.09440800,6450.00000000,0.15515700,
1537189607.43,2018-09-17 21:06:47,6443.01000000,0.15515900,6444.99000000,0.04949600,6443.00000000,0.00445100,6445.00000000,0.01165800,6442.07000000,0.00000700,6445.37000000,0.14575500,6442.00000000,0.65837100,6445.53000000,2.46177900,6438.78000000,0.09717300,6446.90000000,2.00000000,6438.72000000,0.00500000,6446.97000000,0.01613900,6438.43000000,1.01657300,6447.11000000,1.00000000,6438.23000000,1.00000000,6448.03000000,0.07422700,6438.16000000,0.50000000,6448.04000000,0.61740000,6438.11000000,0.09440800,6448.37000000,0.06259500,
1537189610.77,2018-09-17 21:06:50,6443.03000000,0.10665000,6445.36000000,0.07130000,6443.00000000,0.00445100,6445.37000000,0.10619100,6442.07000000,0.00323900,6445.53000000,2.50005600,6442.00000000,0.65837100,6446.90000000,2.00000000,6441.80000000,0.50000000,6446.97000000,0.01613900,6440.00000000,0.03466300,6447.11000000,1.00000000,6438.78000000,0.09717300,6448.03000000,0.07422700,6438.72000000,0.00500000,6448.37000000,0.06259500,6438.43000000,1.01657300,6449.04000000,0.37200000,6438.23000000,1.00000000,6449.23000000,0.60860000,
1537189614.13,2018-09-17 21:06:54,6443.07000000,0.12978400,6445.00000000,0.15985100,6443.06000000,2.00000000,6445.33000000,0.06849800,6443.05000000,0.05000000,6445.37000000,0.10619100,6443.00000000,0.00445100,6445.53000000,2.50005600,6442.07000000,0.00323900,6446.97000000,0.01613900,6442.00000000,0.65837100,6447.11000000,1.00000000,6440.02000000,0.50000000,6448.37000000,0.06259500,6440.00000000,0.03466300,6449.04000000,0.99170000,6438.78000000,0.04717300,6450.00000000,0.15515700,6438.72000000,0.00500000,6450.01000000,0.00564500,
1537189617.36,2018-09-17 21:06:57,6443.11000000,0.08576500,6444.99000000,0.03839400,6443.10000000,0.09997200,6445.00000000,0.15985100,6443.05000000,0.05000000,6445.37000000,0.10619100,6443.00000000,0.00445100,6445.53000000,2.50005600,6442.07000000,0.00323900,6446.36000000,0.06467100,6442.00000000,0.65837100,6446.97000000,0.01613900,6440.02000000,0.50000000,6447.11000000,1.00000000,6440.00000000,0.03466300,6448.37000000,0.06259500,6438.78000000,0.04717300,6449.04000000,0.99170000,6438.72000000,0.00500000,6450.00000000,0.15515700,
1537189620.68,2018-09-17 21:07:00,6443.13000000,0.15319500,6444.97000000,0.03839400,6443.12000000,2.00000000,6445.00000000,0.15985100,6443.10000000,0.09997200,6445.37000000,0.10619100,6443.00000000,0.00445100,6445.53000000,2.50005600,6442.07000000,0.00323900,6446.97000000,0.01613900,6442.00000000,0.65837100,6447.11000000,1.00000000,6440.02000000,0.50000000,6448.37000000,0.06259500,6440.00000000,0.03466300,6448.47000000,0.07317100,6439.49000000,0.71419500,6449.04000000,0.99170000,6438.78000000,0.04717300,6450.00000000,0.15515700,
1537189623.82,2018-09-17 21:07:03,6443.17000000,0.09949000,6444.99000000,0.36316400,6443.16000000,0.05000000,6445.00000000,0.12134100,6443.14000000,0.01015200,6445.37000000,0.10619100,6443.12000000,2.00000000,6445.53000000,2.50005600,6443.00000000,0.00445100,6446.97000000,0.01613900,6442.07000000,0.00323900,6447.11000000,1.00000000,6442.00000000,0.65837100,6448.37000000,0.11259500,6440.02000000,0.50000000,6449.04000000,0.37200000,6440.00000000,0.03466300,6449.11000000,0.07007000,6439.49000000,0.71419500,6449.71000000,0.60910000,
1537189626.96,2018-09-17 21:07:06,6444.62000000,0.07046400,6444.99000000,0.33977100,6444.61000000,0.00833500,6445.00000000,0.12134100,6443.17000000,0.09949000,6445.37000000,0.15619100,6443.14000000,0.01015200,6445.53000000,2.50005600,6443.00000000,0.00445100,6446.97000000,0.01613900,6442.07000000,0.05323900,6447.11000000,1.00000000,6442.00000000,0.65837100,6448.37000000,0.06259500,6440.00000000,0.03466300,6449.04000000,0.37200000,6439.49000000,1.06875400,6449.11000000,0.07007000,6438.78000000,0.04717300,6450.00000000,0.15515700,
1537189630.29,2018-09-17 21:07:10,6444.99000000,0.64260100,6445.00000000,0.12134100,6444.62000000,0.07046400,6445.37000000,0.10619100,6444.61000000,0.00833500,6445.53000000,2.50005600,6443.17000000,0.09949000,6446.97000000,0.06613900,6443.14000000,0.01015200,6447.11000000,1.00000000,6443.00000000,0.01789900,6448.37000000,0.06259500,6442.07000000,0.05323900,6449.04000000,0.37200000,6442.00000000,0.65837100,6449.11000000,0.07007000,6440.00000000,0.09677400,6449.79000000,0.61550000,6439.66000000,0.50000000,6450.00000000,0.15515700,
1537189633.62,2018-09-17 21:07:13,6444.99000000,2.49775300,6445.00000000,0.07504000,6444.62000000,0.07046400,6445.37000000,0.10619100,6444.61000000,0.00833500,6445.53000000,2.50005600,6443.17000000,0.09949000,6446.97000000,0.06613900,6443.14000000,0.01015200,6447.11000000,1.00000000,6443.00000000,0.01789900,6448.37000000,0.06259500,6442.08000000,2.00000000,6449.04000000,0.37200000,6442.07000000,0.05323900,6449.11000000,0.07007000,6442.00000000,0.65837100,6450.00000000,0.15515700,6440.00000000,0.09677400,6450.01000000,0.00564500,
1537189636.85,2018-09-17 21:07:16,6444.99000000,0.49775300,6445.00000000,0.07504000,6444.62000000,0.07046400,6445.37000000,0.10619100,6444.61000000,0.00833500,6445.53000000,2.50005600,6443.17000000,0.09949000,6446.97000000,0.06613900,6443.14000000,0.01015200,6447.11000000,1.00000000,6443.00000000,0.01789900,6448.37000000,0.06259500,6442.07000000,0.05323900,6449.04000000,0.37200000,6442.00000000,0.65837100,6449.74000000,0.06528300,6440.02000000,0.12247300,6450.00000000,0.15515700,6440.00000000,0.09677400,6450.01000000,0.00564500,
1537189640.0,2018-09-17 21:07:19,6444.99000000,0.01222400,6445.00000000,0.50462400,6444.62000000,0.07046400,6445.37000000,0.10619100,6444.61000000,0.00833500,6445.53000000,2.50005600,6443.17000000,0.09949000,6446.97000000,0.06613900,6443.14000000,0.01015200,6447.11000000,1.00000000,6443.00000000,0.01789900,6448.37000000,0.06259500,6442.07000000,0.05323900,6449.04000000,0.37200000,6442.00000000,0.65837100,6449.74000000,0.06528300,6440.02000000,0.12247300,6450.00000000,0.15515700,6440.00000000,0.09677400,6450.01000000,0.00564500,
1537189643.23,2018-09-17 21:07:23,6444.62000000,0.04119600,6445.00000000,0.33369000,6443.17000000,0.09949000,6445.37000000,0.10619100,6443.14000000,0.01015200,6445.53000000,2.50005600,6443.00000000,0.01789900,6446.97000000,0.06613900,6442.07000000,0.05323900,6447.11000000,1.00000000,6442.00000000,0.65837100,6448.37000000,0.06259500,6440.02000000,0.12247300,6449.04000000,0.37200000,6440.00000000,0.09677400,6449.74000000,0.06528300,6439.49000000,0.35455900,6450.00000000,0.15515700,6438.78000000,0.04717300,6450.01000000,0.00564500,
1537189646.46,2018-09-17 21:07:26,6444.62000000,0.04119600,6445.00000000,0.29032200,6443.17000000,0.09949000,6445.37000000,0.10619100,6443.14000000,0.01015200,6445.53000000,2.50005600,6443.00000000,0.01789900,6446.97000000,0.06613900,6442.07000000,0.05323900,6447.11000000,1.00000000,6442.00000000,0.65837100,6448.37000000,0.06259500,6440.02000000,0.12247300,6449.04000000,0.37200000,6440.00000000,0.09677400,6449.74000000,0.06528300,6439.49000000,0.35455900,6450.00000000,0.15515700,6438.78000000,0.04717300,6450.01000000,0.00564500,
1537189650.71,2018-09-17 21:07:30,6444.65000000,0.02525300,6445.53000000,1.64885600,6444.62000000,0.04119600,6446.97000000,0.01613900,6444.00000000,0.00222300,6447.11000000,1.00000000,6443.17000000,0.09949000,6448.37000000,0.11259500,6443.14000000,0.01015200,6449.04000000,0.37200000,6443.00000000,0.01789900,6449.74000000,0.06528300,6442.78000000,0.50000000,6450.00000000,0.15515700,6442.07000000,0.05323900,6450.01000000,0.00564500,6442.00000000,0.65837100,6450.23000000,0.10537400,6441.06000000,0.50000000,6450.61000000,0.34599100,
1537189653.87,2018-09-17 21:07:33,6444.63000000,2.03140600,6445.53000000,1.68957400,6444.62000000,0.04119600,6446.97000000,0.01613900,6444.00000000,0.00222300,6447.11000000,1.00000000,6443.17000000,0.09949000,6448.37000000,0.11259500,6443.14000000,0.01015200,6449.04000000,0.37200000,6443.00000000,0.01789900,6449.74000000,0.06528300,6442.78000000,0.50000000,6450.00000000,0.15515700,6442.07000000,0.00323900,6450.01000000,0.00564500,6442.00000000,0.65837100,6450.23000000,0.10537400,6441.06000000,0.50000000,6450.61000000,0.34599100,
1537189657.0,2018-09-17 21:07:37,6444.62000000,0.04119600,6445.53000000,1.68957400,6444.00000000,0.00222300,6446.97000000,0.06613900,6443.17000000,0.14949000,6447.11000000,1.00000000,6443.14000000,0.01015200,6448.37000000,0.06259500,6443.00000000,0.01789900,6449.04000000,0.37200000,6442.07000000,0.00323900,6449.74000000,0.06528300,6442.00000000,0.65837100,6450.00000000,0.15515700,6441.06000000,0.50000000,6450.01000000,0.00564500,6440.02000000,0.12247300,6450.23000000,0.10537400,6440.00000000,0.09677400,6450.61000000,0.34599100,
1537189660.36,2018-09-17 21:07:40,6444.62000000,0.08242700,6444.99000000,0.09620800,6444.00000000,0.00222300,6445.00000000,4.41413400,6443.17000000,0.09949000,6445.53000000,1.68957400,6443.14000000,0.01015200,6445.77000000,0.06914600,6443.00000000,0.01789900,6446.97000000,0.06613900,6442.07000000,0.05323900,6447.11000000,1.00000000,6442.00000000,0.65837100,6448.37000000,0.06259500,6441.99000000,0.06000000,6449.04000000,0.37200000,6440.09000000,0.50000000,6450.00000000,0.15515700,6440.02000000,0.12247300,6450.01000000,0.00564500,
1537189663.5,2018-09-17 21:07:43,6444.99000000,0.51788000,6445.00000000,4.41413400,6444.00000000,0.00222300,6445.53000000,1.68957400,6443.17000000,0.09949000,6445.77000000,0.06914600,6443.14000000,0.01015200,6446.97000000,0.06613900,6443.00000000,0.01961900,6447.11000000,1.00000000,6442.07000000,0.05323900,6448.37000000,0.06259500,6442.00000000,0.65837100,6449.04000000,0.37200000,6441.99000000,0.06000000,6450.00000000,0.15515700,6440.09000000,0.50000000,6450.01000000,0.00564500,6440.02000000,0.12247300,6450.23000000,0.10537400,
1537189666.74,2018-09-17 21:07:46,6444.99000000,0.46075400,6445.00000000,4.41413400,6444.00000000,0.00222300,6445.53000000,1.68957400,6443.17000000,0.09949000,6446.27000000,0.06887600,6443.14000000,0.01015200,6446.97000000,0.06613900,6443.00000000,0.01961900,6447.11000000,1.00000000,6442.07000000,0.05323900,6449.04000000,0.37200000,6442.00000000,0.65837100,6450.00000000,0.15515700,6441.99000000,0.06000000,6450.01000000,0.00564500,6440.09000000,0.50000000,6450.23000000,0.10537400,6440.02000000,0.12247300,6450.61000000,0.34599100,
1537189669.89,2018-09-17 21:07:49,6444.99000000,0.34407200,6445.00000000,4.34467000,6444.00000000,0.00222300,6445.53000000,1.68957400,6443.17000000,0.09949000,6446.27000000,0.06887600,6443.14000000,0.01015200,6446.97000000,0.06613900,6443.00000000,0.01961900,6447.11000000,1.00000000,6442.07000000,0.05323900,6449.04000000,0.37200000,6442.00000000,0.65837100,6450.00000000,0.15515700,6441.99000000,0.06000000,6450.01000000,0.00564500,6440.09000000,0.50000000,6450.23000000,0.10537400,6440.02000000,0.12247300,6450.61000000,0.34599100,
1537189673.22,2018-09-17 21:07:53,6444.99000000,2.32689700,6445.53000000,1.23167600,6444.00000000,0.00222300,6446.97000000,0.01613900,6443.17000000,0.09949000,6447.11000000,1.00000000,6443.14000000,0.01015200,6447.93000000,0.07298500,6443.00000000,0.00617100,6449.04000000,0.42200000,6442.07000000,0.00323900,6450.00000000,0.15515700,6442.00000000,0.65837100,6450.01000000,0.00564500,6441.99000000,0.06000000,6450.23000000,0.10537400,6440.09000000,0.50000000,6450.61000000,0.34599100,6440.02000000,0.12247300,6450.66000000,0.50000000,
1537189676.44,2018-09-17 21:07:56,6445.52000000,0.00325700,6445.53000000,1.22860400,6445.09000000,0.50000000,6446.97000000,0.01613900,6444.99000000,0.27689700,6447.11000000,1.00000000,6444.00000000,0.05222300,6447.93000000,0.07298500,6443.17000000,0.09949000,6449.04000000,0.05000000,6443.14000000,0.01015200,6450.00000000,0.15515700,6443.00000000,0.00617100,6450.01000000,0.00564500,6442.07000000,0.00323900,6450.23000000,0.10537400,6442.00000000,0.67237000,6450.61000000,0.34599100,6441.99000000,0.06000000,6450.99000000,0.00298600,
1537189679.67,2018-09-17 21:07:59,6445.60000000,0.15511200,6446.94000000,0.20282800,6445.58000000,6.05000000,6446.97000000,0.01613900,6445.13000000,0.00323200,6447.11000000,1.00000000,6444.99000000,0.27689700,6448.97000000,0.06309600,6444.00000000,0.00222300,6450.00000000,0.15515700,6443.78000000,0.50000000,6450.01000000,0.00564500,6443.14000000,0.01015200,6450.23000000,0.15537400,6443.00000000,0.00617100,6450.61000000,0.34599100,6442.07000000,0.00000700,6450.87000000,0.50000000,6442.00000000,0.67237000,6450.99000000,0.00298600,
1537189682.81,2018-09-17 21:08:02,6445.64000000,0.20511200,6446.94000000,0.20282800,6445.61000000,2.00000000,6446.97000000,0.01613900,6445.58000000,6.00000000,6447.11000000,1.00000000,6445.13000000,0.00323200,6449.51000000,0.06510900,6444.99000000,0.27689700,6450.00000000,0.15515700,6444.00000000,0.01088300,6450.01000000,0.00564500,6443.78000000,0.50000000,6450.23000000,0.15537400,6443.14000000,0.01015200,6450.61000000,0.34599100,6443.00000000,0.00617100,6450.87000000,0.50000000,6442.07000000,0.00000700,6450.99000000,0.00298600,
1537189685.96,2018-09-17 21:08:05,6445.71000000,0.20511200,6446.94000000,0.16557200,6445.65000000,1.90416000,6446.97000000,0.01613900,6445.59000000,0.50000000,6447.11000000,1.00000000,6445.58000000,6.00000000,6449.51000000,0.06510900,6445.53000000,0.02852600,6450.00000000,0.15515700,6445.13000000,0.00323200,6450.01000000,0.00564500,6444.99000000,0.27689700,6450.23000000,0.10537400,6444.00000000,0.01088300,6450.61000000,0.34599100,6443.78000000,0.50000000,6450.99000000,0.05298600,6443.14000000,0.01015200,6451.16000000,1.00000000,
1537189689.1,2018-09-17 21:08:09,6445.71000000,0.20511200,6446.94000000,0.11411300,6445.65000000,7.90416000,6446.97000000,0.01613900,6445.59000000,0.50000000,6447.11000000,1.00000000,6445.53000000,0.02852600,6449.51000000,0.06510900,6445.13000000,0.00323200,6450.00000000,0.15515700,6444.99000000,0.27689700,6450.01000000,0.00564500,6444.00000000,0.01088300,6450.23000000,0.10537400,6443.78000000,0.50000000,6450.61000000,0.34599100,6443.14000000,0.01015200,6450.99000000,0.05298600,6443.00000000,0.00617100,6451.16000000,1.00000000,
1537189692.24,2018-09-17 21:08:12,6446.95000000,1.89949500,6446.97000000,0.00000600,6446.94000000,0.08588700,6447.11000000,1.00000000,6445.71000000,6.20511200,6450.00000000,0.15515700,6445.65000000,1.90416000,6450.01000000,0.00564500,6445.59000000,0.50000000,6450.23000000,0.10537400,6445.13000000,0.00323200,6450.99000000,0.05298600,6444.99000000,0.27689700,6451.02000000,0.06678400,6444.00000000,0.01088300,6451.16000000,1.00000000,6443.78000000,0.50000000,6451.70000000,0.00155000,6443.14000000,0.01015200,6452.03000000,0.01361700,
1537189695.38,2018-09-17 21:08:15,6446.96000000,2.05000000,6447.11000000,0.95341400,6446.94000000,0.08588700,6450.00000000,0.15515700,6445.71000000,6.15511200,6450.01000000,0.00564500,6445.65000000,1.90416000,6450.23000000,0.10537400,6445.59000000,0.50000000,6450.99000000,0.05298600,6444.00000000,0.01088300,6451.02000000,0.06678400,6443.78000000,0.50000000,6451.16000000,1.00000000,6443.14000000,0.01015200,6451.70000000,0.00155000,6443.00000000,0.00617100,6452.03000000,0.01361700,6442.07000000,0.00000700,6452.59000000,0.61200000,
1537189698.53,2018-09-17 21:08:18,6446.96000000,0.05000000,6447.11000000,0.95341400,6446.94000000,0.08588700,6450.00000000,0.15515700,6445.71000000,6.15511200,6450.01000000,0.00564500,6445.65000000,1.90416000,6450.23000000,0.10537400,6445.59000000,0.50000000,6450.99000000,0.05298600,6444.00000000,0.01088300,6451.02000000,0.06678400,6443.78000000,0.50000000,6451.16000000,1.00000000,6443.14000000,0.01015200,6451.70000000,0.00155000,6443.00000000,0.00617100,6452.03000000,0.01361700,6442.07000000,0.00000700,6452.59000000,0.61200000,
1537189701.68,2018-09-17 21:08:21,6446.98000000,2.00000000,6447.11000000,0.73341700,6446.97000000,0.04520000,6450.00000000,0.15515700,6446.94000000,0.08588700,6450.01000000,0.00564500,6445.71000000,6.15511200,6450.23000000,0.10537400,6445.65000000,1.90416000,6450.99000000,0.05298600,6445.59000000,0.50000000,6451.16000000,1.00000000,6444.00000000,0.01088300,6451.70000000,0.00155000,6443.78000000,0.50000000,6451.71000000,0.06534500,6443.14000000,0.01015200,6452.03000000,0.01361700,6443.00000000,0.00617100,6452.59000000,0.61200000,
1537189704.91,2018-09-17 21:08:24,6446.98000000,8.54520000,6446.99000000,0.00006000,6446.94000000,0.08588700,6447.11000000,0.51626000,6446.92000000,0.06000000,6450.00000000,0.15515700,6445.71000000,0.43197800,6450.01000000,0.00564500,6445.65000000,1.90416000,6450.23000000,0.10537400,6445.59000000,0.50000000,6450.99000000,0.00298600,6444.00000000,0.01088300,6451.16000000,1.00000000,6443.78000000,0.50000000,6451.70000000,0.00155000,6443.14000000,0.01015200,6451.71000000,0.06534500,6443.00000000,0.00617100,6452.03000000,0.06361700,
1537189708.14,2018-09-17 21:08:28,6447.03000000,0.18721800,6449.99000000,0.19998200,6447.02000000,0.04520000,6450.00000000,0.15515700,6447.01000000,8.00000000,6450.01000000,0.00564500,6447.00000000,0.01440800,6450.23000000,0.10537400,6446.98000000,2.45051200,6450.99000000,0.00298600,6446.94000000,0.08588700,6451.16000000,1.00000000,6446.92000000,0.06000000,6451.70000000,0.00155000,6446.04000000,0.61470000,6452.03000000,0.01361700,6445.71000000,0.27686600,6452.64000000,2.00000000,6445.65000000,1.90416000,6452.97000000,0.06463300,
1537189711.38,2018-09-17 21:08:31,6448.68000000,0.15503900,6449.97000000,0.00005000,6448.67000000,0.04023900,6449.98000000,0.07394200,6448.66000000,0.50000000,6450.00000000,0.15515700,6447.10000000,0.87037000,6450.01000000,0.00564500,6447.09000000,8.00000000,6450.23000000,0.10537400,6447.01000000,2.00000000,6450.99000000,0.00298600,6447.00000000,0.02839700,6451.16000000,1.00000000,6446.98000000,2.45051200,6451.70000000,0.00155000,6446.94000000,0.08588700,6452.03000000,0.01361700,6446.92000000,0.06000000,6452.64000000,2.00000000,
1537189714.62,2018-09-17 21:08:34,6448.66000000,0.50000000,6448.67000000,0.03166300,6447.09000000,8.00000000,6448.68000000,0.04828300,6447.01000000,2.00000000,6449.97000000,0.00005000,6447.00000000,0.02839700,6449.98000000,0.50000000,6446.98000000,2.45051200,6450.00000000,0.15515700,6446.92000000,0.06000000,6450.01000000,0.00564500,6446.36000000,0.61970000,6450.23000000,0.10537400,6446.05000000,0.20577300,6450.99000000,0.00298600,6445.59000000,0.50000000,6451.16000000,1.00000000,6444.00000000,0.01088300,6451.70000000,0.00155000,
1537189717.75,2018-09-17 21:08:37,6449.03000000,0.00001300,6449.97000000,0.00005000,6448.69000000,0.00003400,6449.98000000,0.50000000,6448.68000000,0.01339200,6450.00000000,0.15515700,6448.66000000,0.37909300,6450.01000000,0.00564500,6447.09000000,8.00000000,6450.23000000,0.10537400,6447.01000000,2.00000000,6450.99000000,0.00298600,6447.00000000,0.02839700,6451.16000000,1.00000000,6446.98000000,2.45051200,6451.70000000,0.00155000,6446.92000000,0.06000000,6452.03000000,0.01361700,6446.36000000,0.61970000,6452.64000000,2.00000000,
1537189720.9,2018-09-17 21:08:40,6449.97000000,0.00000600,6450.00000000,0.15515700,6449.50000000,0.04544800,6450.01000000,0.00564500,6448.69000000,0.00003400,6450.23000000,0.10537400,6448.68000000,0.01339200,6450.99000000,0.00298600,6448.66000000,0.37909300,6451.16000000,1.00000000,6447.09000000,8.00000000,6451.70000000,0.00155000,6447.01000000,2.00000000,6452.03000000,0.01361700,6447.00000000,0.02839700,6452.97000000,0.01463300,6446.98000000,2.45051200,6453.88000000,0.21329900,6446.92000000,0.06000000,6453.89000000,0.39184700,
1537189724.04,2018-09-17 21:08:44,6447.11000000,1.00000000,6449.49000000,0.39830000,6447.10000000,0.00155200,6449.50000000,0.03540600,6447.09000000,8.00000000,6449.51000000,0.08785800,6447.01000000,2.00000000,6450.00000000,0.14515700,6447.00000000,0.02839700,6450.01000000,0.00564500,6446.98000000,2.45051200,6450.23000000,0.10537400,6446.92000000,0.06000000,6450.99000000,0.00298600,6446.36000000,0.61970000,6451.16000000,1.00000000,6446.05000000,0.20577300,6451.70000000,0.00155000,6445.59000000,0.50000000,6452.03000000,0.01361700,
1537189727.19,2018-09-17 21:08:47,6449.05000000,6.50000000,6449.49000000,0.15967200,6447.25000000,1.00000000,6450.00000000,0.14515700,6447.24000000,0.15505100,6450.01000000,0.00564500,6447.21000000,2.00000000,6450.23000000,0.10537400,6447.19000000,0.24000000,6450.99000000,0.00298600,6447.16000000,2.00000000,6451.16000000,1.00000000,6447.10000000,0.00155200,6451.70000000,0.00155000,6447.09000000,2.00000000,6452.03000000,0.01361700,6447.00000000,0.02839700,6452.97000000,0.01463300,6446.99000000,0.01616700,6453.88000000,0.21329900,
1537189730.32,2018-09-17 21:08:50,6451.24000000,0.12792100,6453.88000000,0.13395500,6451.23000000,0.15496700,6453.89000000,0.39184700,6451.22000000,2.60000000,6453.90000000,0.06908000,6451.20000000,6.27000000,6454.01000000,0.00155100,6451.18000000,1.00000000,6454.91000000,0.10342600,6451.17000000,1.60000000,6455.00000000,1.99800000,6450.99000000,0.69993800,6455.19000000,0.01598400,6450.01000000,0.09927300,6455.75000000,0.50000000,6450.00000000,0.00289700,6455.97000000,0.19987200,6449.07000000,2.00000000,6456.00000000,0.00618100,
1537189733.55,2018-09-17 21:08:53,6451.42000000,0.15494500,6453.87000000,0.06363000,6451.39000000,0.14000000,6453.88000000,0.13395500,6451.36000000,2.00000000,6453.89000000,0.39184700,6451.34000000,6.00000000,6454.01000000,0.00155100,6451.31000000,0.60980000,6454.91000000,0.10342600,6451.22000000,2.00000000,6455.00000000,1.99800000,6451.17000000,1.00000000,6455.19000000,0.01598400,6450.99000000,0.49993800,6455.97000000,0.24987200,6450.01000000,0.09927300,6456.00000000,0.00618100,6450.00000000,0.00289700,6456.81000000,0.69743500,
1537189736.7,2018-09-17 21:08:56,6450.03000000,0.07586500,6452.21000000,0.06200000,6450.01000000,0.09927300,6452.95000000,0.09546800,6450.00000000,0.00289700,6452.96000000,0.16649300,6448.67000000,0.50000000,6452.98000000,0.07205500,6448.19000000,0.61920000,6453.00000000,1.00000000,6448.14000000,0.38220000,6453.88000000,0.13395500,6447.11000000,0.01576000,6453.89000000,0.39184700,6447.10000000,0.00155200,6454.01000000,0.00155100,6447.00000000,0.02839700,6454.91000000,0.10342600,6446.99000000,0.01616700,6455.00000000,1.99800000,
1537189739.85,2018-09-17 21:08:59,6450.06000000,0.13947000,6452.19000000,0.08099900,6450.01000000,0.09927300,6452.20000000,0.07623200,6450.00000000,0.00289700,6452.21000000,0.06200000,6449.00000000,0.29299500,6452.95000000,2.06446900,6448.14000000,0.38220000,6452.96000000,0.16649300,6447.37000000,0.50000000,6453.87000000,0.08318000,6447.11000000,0.01576000,6453.88000000,0.13395500,6447.10000000,0.00155200,6453.89000000,0.39184700,6447.05000000,0.62040000,6454.01000000,0.00155100,6447.00000000,0.02839700,6454.47000000,0.50000000,
1537189742.99,2018-09-17 21:09:02,6450.05000000,0.16118600,6452.17000000,0.07099900,6450.04000000,0.71379400,6452.18000000,0.23099000,6449.00000000,0.29299500,6452.20000000,0.07623200,6448.14000000,0.38220000,6452.21000000,0.06200000,6447.37000000,0.50000000,6452.95000000,2.00000000,6447.11000000,0.01576000,6453.87000000,0.08318000,6447.10000000,0.00155200,6453.88000000,0.13395500,6447.05000000,0.60810000,6453.89000000,0.39184700,6447.00000000,0.02839700,6454.01000000,0.00155100,6446.99000000,0.01616700,6454.47000000,0.50000000,
1537189746.13,2018-09-17 21:09:06,6450.09000000,0.13578300,6452.15000000,0.07099800,6450.06000000,0.01550300,6452.16000000,0.03918100,6450.04000000,0.71379400,6452.18000000,0.16651300,6449.00000000,0.29299500,6452.21000000,0.06200000,6448.14000000,0.38220000,6452.95000000,2.00000000,6447.37000000,0.50000000,6453.87000000,0.08318000,6447.10000000,0.00155200,6453.88000000,0.13395500,6447.05000000,0.60810000,6453.89000000,0.39184700,6447.00000000,0.01398900,6454.01000000,0.00155100,6446.99000000,0.01616700,6454.91000000,0.10342600,
1537189749.46,2018-09-17 21:09:09,6450.09000000,0.13578300,6451.00000000,1.00000000,6450.06000000,0.01550300,6452.15000000,0.07099800,6450.04000000,0.71379400,6452.21000000,0.06200000,6449.19000000,0.06710300,6452.73000000,0.04616900,6449.00000000,0.29299500,6452.95000000,2.00000000,6448.14000000,0.38220000,6453.87000000,0.08318000,6447.37000000,0.50000000,6453.88000000,0.13395500,6447.16000000,0.60950000,6453.89000000,0.39184700,6447.11000000,0.03877700,6454.01000000,0.00155100,6447.10000000,0.00155200,6454.91000000,0.10342600,
1537189752.61,2018-09-17 21:09:12,6450.13000000,0.16118600,6452.20000000,0.47130200,6450.12000000,2.00000000,6452.21000000,0.06200000,6450.06000000,0.01550300,6452.73000000,0.04616900,6450.04000000,0.71379400,6453.87000000,0.13318000,6449.24000000,0.61170000,6453.88000000,0.13395500,6449.19000000,0.06710300,6453.89000000,0.39184700,6449.00000000,0.29299500,6454.01000000,0.00155100,6448.81000000,0.50000000,6454.91000000,0.10342600,6448.14000000,0.38220000,6455.00000000,1.99800000,6447.37000000,0.50000000,6455.19000000,0.01598400,
1537189755.75,2018-09-17 21:09:15,6450.23000000,0.16118500,6452.20000000,0.01769100,6450.22000000,0.18943900,6452.21000000,0.06200000,6450.20000000,0.15000000,6453.87000000,0.13318000,6450.12000000,2.00000000,6453.88000000,0.13395500,6450.09000000,0.01440100,6453.89000000,0.39184700,6450.06000000,0.01550300,6454.01000000,0.00155100,6450.04000000,0.71379400,6454.06000000,0.02939400,6449.88000000,0.07615000,6454.91000000,0.10342600,6449.24000000,0.61170000,6455.00000000,1.99800000,6449.00000000,0.29299500,6455.19000000,0.01598400,
1537189758.9,2018-09-17 21:09:18,6450.30000000,0.16118500,6452.20000000,0.42192900,6450.29000000,0.09749800,6452.21000000,0.06200000,6450.27000000,2.00000000,6453.34000000,0.02939400,6450.11000000,0.31179500,6453.87000000,0.13318000,6450.09000000,0.01440100,6453.88000000,0.13395500,6450.06000000,0.01550300,6453.89000000,0.39184700,6450.04000000,0.71379400,6454.01000000,0.00155100,6449.84000000,0.06529600,6454.91000000,0.10342600,6449.24000000,0.61170000,6455.00000000,1.99800000,6449.00000000,0.29299500,6455.19000000,0.01598400,
1537189762.05,2018-09-17 21:09:22,6450.32000000,0.16118600,6452.12000000,0.07750300,6450.23000000,0.03089600,6452.13000000,1.00000000,6450.11000000,0.31179500,6452.19000000,2.00000000,6450.09000000,0.01440100,6452.20000000,0.40817700,6450.06000000,0.01550300,6452.21000000,0.06200000,6449.00000000,0.29299500,6452.67000000,0.01453000,6448.37000000,0.06432000,6453.87000000,0.08318000,6448.14000000,0.38220000,6453.88000000,0.13395500,6447.42000000,0.60850000,6453.89000000,0.39184700,6447.37000000,2.13384400,6454.01000000,0.00155100,
1537189765.2,2018-09-17 21:09:25,6450.38000000,0.16118800,6452.08000000,0.06175700,6450.37000000,0.21836900,6452.19000000,2.00000000,6450.30000000,0.34425600,6452.20000000,0.40817700,6450.23000000,0.03089600,6452.21000000,0.06200000,6450.11000000,0.31179500,6452.67000000,0.01453000,6450.09000000,0.01440100,6453.87000000,0.08318000,6449.00000000,0.29299500,6453.89000000,0.39184700,6448.37000000,0.06432000,6454.01000000,0.00155100,6448.14000000,0.38220000,6454.54000000,0.50000000,6447.37000000,2.13384400,6454.91000000,0.10342600,
1537189768.33,2018-09-17 21:09:28,6448.17000000,0.16119100,6451.95000000,0.63100200,6448.16000000,0.09325500,6451.98000000,2.00000000,6447.37000000,1.63384400,6451.99000000,1.05000000,6447.11000000,0.03877700,6452.02000000,0.01453000,6447.10000000,0.00155200,6452.03000000,11.44255400,6446.99000000,0.01616700,6452.07000000,4.50000000,6446.92000000,0.06000000,6452.19000000,0.07000000,6446.88000000,0.06613600,6452.20000000,0.40817700,6445.93000000,0.50000000,6452.21000000,0.06200000,6444.83000000,0.61660000,6453.03000000,0.50000000,
1537189771.48,2018-09-17 21:09:31,6448.19000000,0.16120100,6451.53000000,1.05000000,6448.18000000,0.08450800,6451.54000000,1.43100200,6447.95000000,0.07305100,6451.55000000,0.50000000,6447.37000000,1.63384400,6451.89000000,0.12630900,6447.11000000,0.03877700,6451.90000000,0.61620000,6447.10000000,0.00155200,6451.98000000,2.00000000,6446.99000000,0.01616700,6452.02000000,0.01453000,6446.92000000,0.06000000,6452.03000000,10.64255400,6444.83000000,0.61660000,6452.07000000,4.50000000,6444.45000000,0.50000000,6452.19000000,0.07000000,
1537189774.71,2018-09-17 21:09:34,6448.21000000,0.16120300,6451.47000000,0.62602500,6448.20000000,0.16529900,6451.48000000,0.61950000,6447.94000000,0.07513700,6451.55000000,0.50000000,6447.37000000,1.63384400,6451.98000000,2.00000000,6447.11000000,0.03877700,6452.02000000,0.01453000,6447.10000000,0.00155200,6452.03000000,10.64255400,6446.99000000,0.01616700,6452.07000000,4.50000000,6446.92000000,0.06000000,6452.19000000,0.07000000,6446.79000000,0.06512100,6452.20000000,0.40817700,6444.83000000,0.61660000,6452.21000000,0.06200000,
1537189777.84,2018-09-17 21:09:37,6448.51000000,0.16120300,6451.47000000,1.42602500,6448.50000000,0.71396400,6451.55000000,0.50000000,6447.94000000,0.07513700,6451.98000000,2.00000000,6447.37000000,1.63384400,6452.02000000,0.01453000,6447.11000000,0.03877700,6452.03000000,10.04255400,6447.10000000,0.00155200,6452.04000000,0.61510000,6446.99000000,0.01616700,6452.07000000,2.00000000,6446.92000000,0.06000000,6452.19000000,0.07000000,6446.79000000,0.06512100,6452.20000000,0.40817700,6444.83000000,0.61660000,6452.21000000,0.06200000,
1537189781.08,2018-09-17 21:09:41,6448.53000000,0.16123900,6450.05000000,0.43688400,6448.50000000,0.71396400,6450.06000000,0.13069000,6447.94000000,0.07513700,6450.68000000,0.00771200,6447.37000000,1.63384400,6451.47000000,0.05000000,6447.11000000,0.03877700,6451.98000000,2.00000000,6447.10000000,0.00155200,6452.03000000,10.04255400,6446.99000000,0.01616700,6452.07000000,2.00000000,6446.92000000,0.06000000,6452.19000000,0.07000000,6446.79000000,0.06512100,6452.20000000,0.40817700,6445.79000000,0.50000000,6452.21000000,0.06200000,
1537189784.22,2018-09-17 21:09:44,6448.57000000,0.16123900,6450.05000000,0.43688400,6448.56000000,0.10677500,6450.06000000,0.13069000,6448.50000000,0.71396400,6451.47000000,0.05000000,6448.12000000,0.07113700,6451.79000000,0.00771200,6447.94000000,0.07513700,6451.98000000,2.00000000,6447.37000000,1.63384400,6452.19000000,0.07000000,6447.11000000,0.03877700,6452.20000000,0.40817700,6447.10000000,0.00155200,6452.21000000,0.06200000,6446.99000000,0.01616700,6453.03000000,0.50000000,6446.92000000,0.06000000,6453.36000000,0.61560000,
1537189787.47,2018-09-17 21:09:47,6448.59000000,0.16124000,6450.00000000,0.46717400,6448.57000000,0.05000000,6451.98000000,1.81830500,6448.50000000,0.71396400,6452.19000000,0.07000000,6448.12000000,0.07113700,6452.20000000,0.40817700,6447.94000000,0.07513700,6452.21000000,0.06200000,6447.42000000,0.61060000,6453.03000000,0.05000000,6447.37000000,1.63384400,6453.06000000,0.00771200,6447.13000000,0.33000000,6453.89000000,0.39184700,6447.11000000,0.03877700,6454.01000000,0.00155100,6447.10000000,0.00155200,6454.23000000,0.61410000,
1537189790.79,2018-09-17 21:09:50,6448.67000000,0.21124000,6450.00000000,0.45191800,6448.66000000,0.08900100,6452.19000000,0.07000000,6448.50000000,0.71396400,6452.20000000,0.40817700,6448.12000000,0.07113700,6452.21000000,0.06200000,6447.99000000,0.61640000,6453.03000000,0.05000000,6447.94000000,0.07513700,6453.06000000,0.00771200,6447.37000000,1.63384400,6453.89000000,0.39184700,6447.13000000,0.33000000,6454.01000000,0.00155100,6447.11000000,0.03877700,6454.23000000,0.61410000,6447.10000000,0.00155200,6454.40000000,4.80000000,
1537189793.92,2018-09-17 21:09:53,6448.69000000,0.16124000,6450.00000000,0.44148600,6448.12000000,0.12113700,6452.19000000,0.07000000,6447.99000000,0.61640000,6452.20000000,0.40817700,6447.94000000,0.07513700,6452.21000000,0.06200000,6447.37000000,1.63384400,6453.03000000,0.05000000,6447.13000000,0.33000000,6453.87000000,0.00771200,6447.11000000,0.03877700,6453.89000000,0.39184700,6447.10000000,0.00155200,6454.01000000,0.00155100,6446.92000000,0.06000000,6454.40000000,4.80000000,6445.79000000,0.50000000,6454.54000000,0.50000000,
1537189797.06,2018-09-17 21:09:57,6448.71000000,0.16124000,6450.00000000,0.44128600,6448.12000000,0.12113700,6452.19000000,0.07000000,6447.94000000,0.07513700,6452.20000000,0.40817700,6447.42000000,0.61040000,6452.21000000,0.06200000,6447.37000000,1.63384400,6453.03000000,0.05000000,6447.13000000,0.33000000,6453.87000000,0.00771200,6447.11000000,0.03877700,6453.89000000,0.39184700,6447.10000000,0.00155200,6454.01000000,0.00155100,6446.92000000,0.06000000,6454.40000000,4.80000000,6445.79000000,0.50000000,6454.54000000,0.50000000,
1537189800.19,2018-09-17 21:10:00,6450.06000000,0.16120000,6451.60000000,0.55000000,6450.05000000,0.14427200,6452.00000000,0.05171300,6448.12000000,0.07113700,6452.18000000,2.00000000,6447.94000000,0.07513700,6452.19000000,0.07000000,6447.37000000,1.63384400,6452.20000000,0.40817700,6447.11000000,0.03877700,6452.21000000,0.06200000,6447.10000000,0.00155200,6453.86000000,0.00771200,6446.92000000,0.06000000,6453.89000000,0.39184700,6445.84000000,0.67020000,6454.01000000,0.00155100,6445.00000000,1.00000000,6454.40000000,4.80000000,
1537189803.34,2018-09-17 21:10:03,6450.06000000,0.16120000,6451.59000000,0.02546800,6450.05000000,0.10561800,6451.60000000,0.51901800,6448.54000000,0.07259500,6452.00000000,0.05171300,6447.94000000,0.07513700,6452.18000000,2.00771200,6447.37000000,1.63384400,6452.19000000,0.07000000,6447.11000000,0.03877700,6452.20000000,0.40817700,6447.10000000,0.00155200,6452.21000000,0.06200000,6446.92000000,0.06000000,6453.89000000,0.39184700,6445.84000000,0.62020000,6454.01000000,0.00155100,6445.00000000,1.05000000,6454.40000000,4.80000000,
1537189806.57,2018-09-17 21:10:06,6447.37000000,1.63384400,6447.94000000,0.29693800,6447.17000000,0.07234700,6450.00000000,0.02052800,6447.11000000,0.03877700,6451.44000000,0.07371400,6447.10000000,0.00155200,6451.45000000,0.00199200,6446.92000000,0.06000000,6451.47000000,0.03100000,6445.84000000,0.62020000,6451.60000000,0.46901800,6445.00000000,1.05000000,6452.00000000,0.05171300,6444.55000000,0.14313300,6452.18000000,2.00000000,6444.45000000,0.50000000,6452.19000000,0.07000000,6444.36000000,0.37595800,6452.20000000,0.40817700,
1537189809.82,2018-09-17 21:10:09,6447.37000000,1.63384400,6447.94000000,0.29386400,6447.11000000,0.03877700,6450.00000000,0.02052800,6447.10000000,0.00155200,6450.30000000,0.46900000,6446.92000000,0.06000000,6451.44000000,0.07371400,6445.84000000,0.62020000,6451.45000000,0.00199200,6445.63000000,0.06811500,6451.47000000,0.03100000,6445.00000000,1.05000000,6451.60000000,0.46901800,6444.55000000,0.14313300,6452.00000000,0.05171300,6444.36000000,0.37595800,6452.18000000,2.00000000,6444.00000000,0.01088300,6452.19000000,0.07000000,
1537189812.96,2018-09-17 21:10:12,6447.95000000,0.16124000,6449.99000000,0.00199200,6447.94000000,0.23213600,6450.00000000,0.02052800,6447.37000000,2.26597900,6450.30000000,0.46900000,6447.11000000,0.03877700,6450.79000000,0.07006700,6447.10000000,0.00155200,6451.47000000,0.03100000,6446.92000000,0.06000000,6451.60000000,0.46901800,6445.84000000,0.62020000,6452.00000000,0.05171300,6445.63000000,0.06811500,6452.18000000,2.00000000,6445.00000000,1.05000000,6452.19000000,0.07000000,6444.55000000,0.14313300,6452.20000000,3.52816700,
1537189816.11,2018-09-17 21:10:16,6447.97000000,0.16124000,6448.95000000,0.11642600,6447.94000000,0.44172400,6448.96000000,0.17852200,6447.37000000,2.26597900,6449.99000000,0.21838700,6447.14000000,0.06727600,6450.30000000,0.46900000,6447.11000000,0.03877700,6450.79000000,0.07006700,6447.10000000,0.00155200,6451.47000000,0.03100000,6446.92000000,0.06000000,6451.60000000,0.46901800,6445.84000000,0.62020000,6452.00000000,0.05171300,6445.00000000,1.05000000,6452.18000000,2.00000000,6444.55000000,0.14313300,6452.19000000,0.07000000,
1537189819.26,2018-09-17 21:10:19,6448.95000000,0.05877200,6448.96000000,0.03139200,6447.98000000,0.00276400,6449.99000000,0.21838700,6447.97000000,0.16124000,6450.79000000,0.07006700,6447.94000000,0.44172400,6451.47000000,0.03100000,6447.37000000,2.26597900,6451.60000000,0.46901800,6447.14000000,0.06727600,6452.00000000,0.05171300,6447.11000000,0.05428700,6452.18000000,2.00000000,6447.10000000,0.00155200,6452.19000000,0.07000000,6446.92000000,0.06000000,6452.20000000,3.52816700,6445.84000000,0.62020000,6452.21000000,0.06200000,
1537189822.49,2018-09-17 21:10:22,6447.99000000,0.16753100,6448.95000000,0.04209700,6447.98000000,0.00276400,6448.96000000,0.04076400,6447.97000000,0.16124000,6449.99000000,0.00199200,6447.94000000,0.44172400,6450.79000000,0.07006700,6447.37000000,2.26597900,6451.47000000,0.03100000,6447.14000000,0.06727600,6451.60000000,0.46901800,6447.11000000,0.05428700,6452.00000000,0.05171300,6447.10000000,0.00155200,6452.18000000,2.00000000,6446.92000000,0.06000000,6452.19000000,0.07000000,6445.84000000,0.62020000,6452.20000000,3.52816700,
1537189825.72,2018-09-17 21:10:25,6447.99000000,0.10059300,6448.96000000,0.21639500,6447.98000000,0.07063400,6452.19000000,2.54090200,6447.97000000,0.05000000,6452.20000000,1.02574600,6447.94000000,0.20958800,6452.21000000,0.06200000,6447.37000000,2.26597900,6452.24000000,0.06316800,6447.11000000,0.05428700,6453.89000000,0.39184700,6447.10000000,0.00155200,6454.01000000,0.00155100,6446.92000000,0.06000000,6454.40000000,4.80000000,6445.84000000,0.62020000,6454.54000000,0.50000000,6445.00000000,1.00000000,6454.86000000,0.61170000,
1537189828.95,2018-09-17 21:10:28,6447.98000000,0.07063400,6448.96000000,0.21639500,6447.97000000,0.05000000,6450.00000000,0.03300400,6447.94000000,0.20958800,6451.78000000,0.50000000,6447.37000000,2.26597900,6452.19000000,2.54090200,6447.11000000,0.05428700,6452.20000000,1.02574600,6447.10000000,0.00155200,6452.21000000,0.06200000,6446.92000000,0.06000000,6452.24000000,0.06316800,6445.84000000,0.62020000,6453.89000000,0.39184700,6445.00000000,1.00000000,6454.01000000,0.00155100,6444.57000000,0.50000000,6454.40000000,4.80000000,
1537189832.08,2018-09-17 21:10:32,6447.45000000,0.05034600,6449.99000000,0.54090200,6447.37000000,2.26597900,6450.00000000,0.09065000,6447.11000000,0.05428700,6451.78000000,0.50000000,6447.10000000,0.00155200,6452.19000000,2.00000000,6446.92000000,0.06000000,6452.20000000,1.02574600,6445.84000000,0.67020000,6452.21000000,0.06200000,6445.00000000,1.00000000,6452.24000000,0.06316800,6444.57000000,0.50000000,6453.89000000,0.39184700,6444.55000000,0.14313300,6454.01000000,0.00155100,6444.36000000,0.37595800,6454.40000000,4.80000000,
1537189835.22,2018-09-17 21:10:35,6447.37000000,2.13660500,6448.66000000,0.53786300,6447.11000000,0.05428700,6448.67000000,0.24200000,6447.10000000,0.00155200,6450.00000000,0.09065000,6447.09000000,0.02517400,6450.77000000,0.06737200,6446.92000000,0.06000000,6451.78000000,0.50000000,6445.84000000,0.67020000,6452.19000000,2.00000000,6445.00000000,1.00000000,6452.20000000,1.02574600,6444.57000000,0.50000000,6452.21000000,0.06200000,6444.55000000,0.14313300,6453.89000000,0.39184700,6444.36000000,0.37595800,6454.01000000,0.00155100,
1537189838.36,2018-09-17 21:10:38,6447.12000000,0.14514800,6447.94000000,0.00001500,6447.11000000,0.05428700,6448.64000000,0.51007400,6447.10000000,0.00155200,6448.67000000,0.24200000,6446.92000000,0.06000000,6449.23000000,0.06420400,6445.84000000,0.67020000,6450.00000000,0.09065000,6445.55000000,0.02521100,6451.78000000,0.50000000,6445.00000000,1.00000000,6452.19000000,2.00000000,6444.55000000,0.14313300,6452.20000000,1.02574600,6444.36000000,0.37595800,6452.21000000,0.06200000,6444.00000000,0.01088300,6453.89000000,0.39184700,
1537189841.59,2018-09-17 21:10:41,6447.11000000,0.16127400,6448.64000000,0.44122100,6447.10000000,0.00155200,6448.67000000,0.24200000,6446.92000000,0.06000000,6449.23000000,0.06420400,6445.84000000,0.05000000,6450.00000000,0.09065000,6445.55000000,0.02521100,6450.36000000,0.50000000,6445.05000000,0.61410000,6451.78000000,0.50000000,6445.00000000,1.00000000,6452.19000000,2.00000000,6444.55000000,0.14313300,6452.20000000,1.02574600,6444.36000000,0.37595800,6452.21000000,0.06200000,6444.00000000,0.01088300,6453.89000000,0.39184700,
1537189844.83,2018-09-17 21:10:44,6447.10000000,0.01431100,6448.64000000,1.20838100,6446.92000000,0.06000000,6448.67000000,0.24200000,6446.00000000,0.05176100,6449.23000000,0.06420400,6445.05000000,0.61410000,6450.00000000,0.09065000,6445.00000000,1.00000000,6451.78000000,0.54437000,6444.83000000,0.02522900,6452.19000000,2.00000000,6444.56000000,0.50000000,6452.20000000,1.02574600,6444.55000000,0.14313300,6452.21000000,0.06200000,6444.36000000,0.37595800,6453.89000000,0.39184700,6444.00000000,0.01088300,6454.01000000,0.00155100,
1537189848.08,2018-09-17 21:10:48,6448.00000000,0.01500000,6448.62000000,0.40108100,6447.10000000,0.01431100,6448.64000000,0.76716000,6446.00000000,0.05176100,6448.67000000,0.24200000,6445.00000000,1.00000000,6449.23000000,0.06420400,6444.83000000,0.02522900,6450.00000000,0.09065000,6444.61000000,0.61900000,6451.78000000,0.54437000,6444.56000000,0.50000000,6452.19000000,2.00000000,6444.55000000,0.14313300,6452.20000000,1.02574600,6444.36000000,0.37595800,6452.21000000,0.06200000,6444.00000000,0.01088300,6453.89000000,0.39184700,
1537189851.23,2018-09-17 21:10:51,6444.84000000,1.00000000,6448.60000000,0.39806700,6444.55000000,0.14313300,6448.64000000,0.76716000,6444.41000000,0.61930000,6448.67000000,0.24200000,6444.36000000,0.37595800,6449.23000000,0.06420400,6444.24000000,0.02524300,6450.00000000,0.14065000,6444.00000000,0.01088300,6450.23000000,0.50000000,6443.21000000,0.50000000,6451.78000000,0.50000000,6443.14000000,0.01015200,6452.19000000,2.00000000,6443.00000000,0.00617100,6452.20000000,1.02574600,6442.07000000,0.00000700,6452.21000000,0.06200000,
1537189854.37,2018-09-17 21:10:54,6444.60000000,0.08454700,6448.60000000,0.39806700,6444.59000000,1.00000000,6448.64000000,0.76716000,6444.58000000,8.00000000,6448.67000000,0.24200000,6444.55000000,0.14313300,6449.23000000,0.06420400,6444.36000000,0.37595800,6450.00000000,0.14065000,6444.24000000,0.02524300,6450.23000000,0.50000000,6444.00000000,0.01088300,6451.78000000,0.50000000,6443.21000000,0.50000000,6452.19000000,2.00000000,6443.14000000,0.01015200,6452.20000000,1.02574600,6443.00000000,0.00617100,6452.21000000,0.06200000,
1537189857.6,2018-09-17 21:10:57,6444.70000000,0.08000000,6448.60000000,0.40327700,6444.68000000,6.00000000,6448.64000000,0.76716000,6444.66000000,0.62040000,6448.67000000,0.24200000,6444.55000000,0.14313300,6449.00000000,0.07559500,6444.36000000,0.37595800,6450.00000000,0.14065000,6444.24000000,0.02524300,6450.23000000,0.50000000,6444.00000000,0.01088300,6451.78000000,0.50000000,6443.21000000,0.50000000,6452.19000000,2.00000000,6443.14000000,0.01015200,6452.20000000,1.02574600,6443.00000000,0.00617100,6452.21000000,0.06200000,
1537189860.92,2018-09-17 21:11:00,6445.06000000,0.06466000,6448.58000000,0.39786700,6445.05000000,6.11606000,6448.60000000,0.00541000,6444.75000000,0.62010000,6448.64000000,0.76716000,6444.55000000,0.14313300,6448.67000000,0.24200000,6444.36000000,0.37595800,6449.00000000,0.07559500,6444.24000000,0.02524300,6450.00000000,0.14065000,6444.00000000,0.01088300,6451.78000000,0.50000000,6443.21000000,0.50000000,6452.19000000,2.00000000,6443.14000000,0.01015200,6452.20000000,1.02574600,6443.00000000,0.00617100,6452.21000000,0.06200000,
1537189864.06,2018-09-17 21:11:04,6445.12000000,6.61200000,6448.58000000,0.39566700,6445.05000000,0.11606000,6448.60000000,0.00541000,6444.55000000,0.14313300,6448.64000000,0.76716000,6444.36000000,0.37595800,6448.67000000,0.24200000,6444.24000000,0.02524300,6449.00000000,0.07559500,6444.00000000,0.01088300,6450.00000000,0.09065000,6443.21000000,0.50000000,6450.49000000,0.50000000,6443.14000000,0.01015200,6451.78000000,0.55000000,6443.00000000,0.00617100,6452.19000000,2.00000000,6442.07000000,0.00000700,6452.20000000,1.02574600,
1537189867.2,2018-09-17 21:11:07,6446.34000000,0.16127500,6448.59000000,0.32245900,6446.33000000,0.37692700,6448.60000000,0.00541000,6446.31000000,0.50000000,6448.64000000,0.76716000,6445.19000000,0.61860000,6448.67000000,0.24200000,6445.14000000,6.00000000,6449.00000000,0.07559500,6445.05000000,0.11606000,6450.00000000,0.09065000,6444.55000000,0.14313300,6451.78000000,0.05000000,6444.36000000,0.37595800,6452.00000000,0.05172500,6444.24000000,0.02524300,6452.19000000,2.00000000,6444.00000000,0.01088300,6452.20000000,1.02574600,
1537189870.43,2018-09-17 21:11:10,6446.34000000,0.12403000,6448.57000000,0.68216300,6446.00000000,0.00155200,6448.58000000,0.17777100,6445.19000000,0.61860000,6448.60000000,0.00541000,6445.14000000,6.00000000,6448.64000000,0.76716000,6445.05000000,0.11606000,6448.67000000,0.24200000,6445.03000000,0.50000000,6449.00000000,0.07559500,6444.55000000,0.14313300,6450.00000000,0.09065000,6444.36000000,0.37595800,6451.78000000,0.05000000,6444.24000000,0.02524300,6452.00000000,0.05172500,6444.00000000,0.01088300,6452.12000000,0.50000000,
1537189873.58,2018-09-17 21:11:13,6446.36000000,0.16127600,6448.57000000,0.68196300,6446.35000000,0.14606700,6448.58000000,0.07958100,6446.00000000,0.00155200,6448.60000000,0.00541000,6445.19000000,0.61860000,6448.64000000,0.76716000,6445.14000000,6.00000000,6448.67000000,0.24200000,6445.03000000,0.50000000,6449.00000000,0.07559500,6444.55000000,0.14313300,6450.00000000,0.09065000,6444.36000000,0.37595800,6451.78000000,0.05000000,6444.24000000,0.02524300,6452.00000000,0.05172500,6444.00000000,0.01088300,6452.19000000,2.00000000,
1537189876.72,2018-09-17 21:11:16,6446.53000000,0.16127600,6448.57000000,0.67663300,6446.52000000,0.11078500,6448.58000000,0.07958100,6446.00000000,0.00155200,6448.60000000,0.00541000,6445.19000000,0.61860000,6448.64000000,0.76716000,6445.14000000,6.00000000,6448.67000000,0.24200000,6445.03000000,0.50000000,6449.00000000,0.07559500,6444.55000000,0.14313300,6450.00000000,0.09065000,6444.36000000,0.37595800,6451.78000000,0.05000000,6444.24000000,0.02524300,6452.00000000,0.05172500,6444.00000000,0.01088300,6452.19000000,2.00000000,
1537189880.04,2018-09-17 21:11:20,6446.53000000,0.16127600,6448.55000000,0.56073900,6446.00000000,0.00155200,6448.58000000,0.07958100,6445.19000000,0.61860000,6448.60000000,0.00541000,6445.14000000,6.00000000,6448.64000000,0.76716000,6445.03000000,0.50000000,6448.67000000,0.24200000,6444.55000000,0.14313300,6449.00000000,0.07559500,6444.36000000,0.37595800,6450.00000000,0.09065000,6444.24000000,0.02524300,6451.78000000,0.05000000,6444.00000000,0.01088300,6452.00000000,0.05172500,6443.21000000,0.50000000,6452.19000000,2.00000000,
1537189883.19,2018-09-17 21:11:23,6446.59000000,6.16127600,6448.53000000,0.33089600,6446.58000000,0.61450000,6448.54000000,0.20895200,6446.09000000,0.02519900,6448.58000000,0.07958100,6446.00000000,0.00155200,6448.60000000,0.00541000,6445.03000000,0.50000000,6448.64000000,0.76716000,6444.55000000,0.14313300,6448.67000000,0.24200000,6444.36000000,0.37595800,6450.00000000,0.09065000,6444.00000000,0.01088300,6450.08000000,0.07212500,6443.21000000,0.50000000,6451.78000000,0.05000000,6443.14000000,0.01015200,6452.00000000,0.05172500,
1537189886.41,2018-09-17 21:11:26,6447.54000000,0.15175700,6448.53000000,0.33069600,6447.53000000,0.40454700,6448.58000000,0.07958100,6447.23000000,0.02517100,6448.60000000,0.00541000,6446.65000000,0.16127700,6448.64000000,0.76716000,6446.64000000,0.48936300,6448.67000000,0.24200000,6446.59000000,6.00000000,6450.00000000,0.09065000,6446.00000000,0.00928000,6450.85000000,0.06800200,6445.03000000,0.50000000,6451.78000000,0.05000000,6444.55000000,0.14313300,6452.00000000,0.05172500,6444.36000000,0.37595800,6452.19000000,2.00000000,
1537189889.55,2018-09-17 21:11:29,6447.53000000,0.40454700,6448.53000000,0.31826500,6446.66000000,0.02518500,6448.58000000,0.07958100,6446.65000000,0.16127700,6448.60000000,0.00541000,6446.64000000,0.48936300,6448.64000000,0.76716000,6446.59000000,6.00000000,6448.67000000,0.24200000,6446.00000000,0.00928000,6450.00000000,0.09065000,6445.03000000,0.50000000,6450.85000000,0.06800200,6444.55000000,0.48206900,6451.78000000,0.05000000,6444.36000000,0.37595800,6452.00000000,0.05172500,6444.00000000,0.01088300,6452.19000000,2.00000000,
1537189892.69,2018-09-17 21:11:32,6447.53000000,0.40454700,6448.53000000,1.28650800,6446.65000000,0.16127700,6448.58000000,0.07958100,6446.64000000,0.48936300,6448.60000000,0.04987900,6446.59000000,6.00000000,6448.64000000,0.76716000,6446.11000000,0.02519800,6448.67000000,0.24200000,6446.00000000,0.00928000,6450.00000000,0.09065000,6445.03000000,0.50000000,6450.85000000,0.06800200,6444.55000000,0.48206900,6451.78000000,0.05000000,6444.36000000,0.37595800,6452.00000000,0.05172500,6444.00000000,0.01088300,6452.19000000,2.00000000,
1537189896.84,2018-09-17 21:11:36,6447.53000000,0.40454700,6448.53000000,0.96599900,6446.76000000,0.02518200,6448.58000000,0.07958100,6446.65000000,0.16127700,6448.60000000,0.04987900,6446.64000000,0.48936300,6448.64000000,0.76716000,6446.59000000,6.00000000,6448.67000000,0.24200000,6446.00000000,0.00928000,6450.00000000,0.09065000,6445.03000000,0.50000000,6450.85000000,0.06800200,6444.55000000,0.48206900,6451.78000000,0.05000000,6444.36000000,0.37595800,6451.80000000,0.50000000,6444.00000000,0.01088300,6452.00000000,0.05172500,
1537189900.07,2018-09-17 21:11:40,6448.52000000,0.04526700,6448.53000000,0.89474300,6448.00000000,0.20000000,6448.58000000,0.07958100,6447.53000000,0.53276300,6448.60000000,0.04987900,6446.65000000,0.16127700,6448.64000000,0.76716000,6446.64000000,0.48936300,6448.67000000,0.24200000,6446.59000000,6.00000000,6449.41000000,0.06714700,6446.00000000,0.00928000,6450.00000000,0.09065000,6445.98000000,0.02520100,6451.78000000,0.05000000,6445.03000000,0.50000000,6451.80000000,0.50000000,6444.55000000,0.48206900,6452.00000000,0.05172500,
1537189903.4,2018-09-17 21:11:43,6448.53000000,0.29258300,6448.64000000,0.17401200,6448.00000000,0.20000000,6448.67000000,0.24200000,6447.53000000,0.53276300,6449.96000000,0.06444700,6446.65000000,0.16127700,6450.00000000,0.09065000,6446.64000000,0.48936300,6451.78000000,0.05000000,6446.59000000,6.02600700,6452.00000000,0.05172500,6446.00000000,0.00928000,6452.19000000,2.00000000,6445.98000000,0.02520100,6452.21000000,0.06200000,6445.03000000,0.50000000,6453.23000000,0.50000000,6444.55000000,0.48206900,6453.89000000,0.39184700,
1537189906.53,2018-09-17 21:11:46,6448.53000000,0.27558300,6448.67000000,0.18710900,6448.00000000,0.20000000,6450.00000000,0.09065000,6447.53000000,0.12821600,6450.46000000,0.07184000,6446.65000000,0.16127700,6451.78000000,0.05000000,6446.64000000,0.48936300,6452.00000000,0.05172500,6446.59000000,6.02600700,6452.19000000,2.00000000,6446.00000000,0.00928000,6452.21000000,0.06200000,6445.98000000,0.02520100,6453.22000000,0.21502700,6445.03000000,0.50000000,6453.23000000,0.50000000,6444.55000000,0.48206900,6453.89000000,0.39184700,
1537189909.76,2018-09-17 21:11:49,6448.66000000,0.04993300,6450.00000000,0.00002500,6448.65000000,0.16124000,6451.00000000,0.07115100,6448.64000000,0.55002700,6451.78000000,0.05000000,6448.53000000,0.27558300,6452.00000000,0.05172500,6448.52000000,0.01550700,6452.19000000,2.00000000,6448.00000000,0.20000000,6452.21000000,0.06200000,6447.53000000,0.12821600,6453.22000000,0.21502700,6446.64000000,0.48936300,6453.23000000,0.50000000,6446.59000000,6.02600700,6453.89000000,0.39184700,6446.36000000,0.50000000,6454.54000000,0.50000000,
1537189912.91,2018-09-17 21:11:52,6448.74000000,6.21118500,6452.18000000,0.07161100,6448.73000000,0.08000000,6452.19000000,1.46178200,6448.66000000,0.04993300,6452.21000000,0.06200000,6448.64000000,2.00002700,6453.22000000,0.26502700,6448.53000000,0.27558300,6453.89000000,0.39184700,6448.52000000,0.01550700,6454.54000000,0.50000000,6448.45000000,0.61740000,6454.99000000,0.21884600,6448.00000000,0.20000000,6455.00000000,2.30962500,6447.53000000,0.12821600,6455.19000000,0.01598400,6446.59000000,0.02600700,6455.70000000,0.60930000,
1537189916.06,2018-09-17 21:11:56,6450.05000000,0.16118500,6452.18000000,1.65909000,6450.04000000,0.04992200,6452.21000000,0.06200000,6450.03000000,6.05000000,6453.22000000,0.21502700,6450.00000000,0.62482000,6453.89000000,0.39184700,6449.81000000,0.07358100,6454.99000000,0.21884600,6449.52000000,0.36100000,6455.00000000,2.30962500,6448.79000000,0.60930000,6455.19000000,0.01598400,6448.64000000,2.00002700,6455.70000000,0.65930000,6448.53000000,0.27558300,6455.97000000,0.19987200,6448.52000000,0.01550700,6456.00000000,0.00618100,
1537189919.19,2018-09-17 21:11:59,6450.11000000,0.19135800,6452.17000000,2.00000000,6450.10000000,0.61400000,6452.18000000,0.00493000,6450.05000000,6.00000000,6452.21000000,0.06200000,6450.04000000,0.04992200,6453.22000000,0.21502700,6450.00000000,0.62482000,6453.89000000,0.39184700,6449.81000000,0.07358100,6455.00000000,2.30962500,6449.52000000,0.36100000,6455.19000000,0.01598400,6448.64000000,1.53997800,6455.70000000,0.05000000,6448.53000000,0.27558300,6455.97000000,0.19987200,6448.52000000,0.01550700,6456.00000000,0.00618100,
1537189922.42,2018-09-17 21:12:02,6450.15000000,0.21118500,6452.21000000,0.04044500,6450.14000000,0.04992100,6453.22000000,0.21502700,6450.10000000,0.61400000,6453.89000000,0.39184700,6450.05000000,6.00000000,6455.00000000,2.30962500,6450.00000000,0.62482000,6455.19000000,0.01598400,6449.81000000,0.07358100,6455.70000000,0.05000000,6449.52000000,0.36100000,6455.73000000,0.61830000,6448.64000000,1.53997800,6455.97000000,0.19987200,6448.53000000,0.27558300,6456.00000000,0.00618100,6448.52000000,0.01550700,6456.35000000,0.40744800,
1537189925.57,2018-09-17 21:12:05,6450.17000000,0.16116000,6452.18000000,0.00001500,6450.15000000,0.69898800,6453.21000000,2.05000000,6450.14000000,0.04992100,6453.22000000,0.17795300,6450.00000000,0.62482000,6453.89000000,0.39184700,6449.81000000,0.07358100,6455.00000000,2.30962500,6449.52000000,0.05000000,6455.19000000,0.01598400,6448.69000000,0.61250000,6455.31000000,0.50000000,6448.64000000,1.53997800,6455.73000000,0.61830000,6448.53000000,0.27558300,6455.97000000,0.19987200,6448.52000000,0.01550700,6456.00000000,0.00618100,
1537189928.81,2018-09-17 21:12:08,6452.19000000,0.28110600,6453.20000000,0.01907100,6452.18000000,2.27856100,6453.21000000,2.04981500,6450.19000000,0.09118500,6453.22000000,0.17795300,6450.15000000,0.69898800,6453.89000000,0.39184700,6450.00000000,0.62482000,6455.00000000,2.30962500,6449.52000000,0.05000000,6455.19000000,0.01598400,6449.37000000,0.36100000,6455.31000000,0.50000000,6449.01000000,0.06311400,6455.73000000,0.61830000,6448.69000000,0.61250000,6455.97000000,0.19987200,6448.64000000,1.54997800,6456.00000000,0.00618100,
1537189931.97,2018-09-17 21:12:11,6452.18000000,2.18603100,6453.19000000,2.00000000,6450.89000000,0.07158100,6453.20000000,0.01907100,6450.19000000,0.09118500,6453.22000000,0.17795300,6450.15000000,0.69898800,6453.89000000,0.44184700,6450.00000000,0.62482000,6455.00000000,2.30962500,6449.52000000,0.05000000,6455.19000000,0.01598400,6449.42000000,0.60930000,6455.31000000,0.50000000,6449.37000000,0.36100000,6455.73000000,0.61830000,6448.64000000,1.54997800,6455.97000000,0.19987200,6448.53000000,0.27558300,6456.00000000,0.00618100,
1537189935.11,2018-09-17 21:12:15,6452.18000000,2.13468100,6453.19000000,2.00000000,6451.62000000,0.06894000,6453.20000000,0.01907100,6450.19000000,0.09118500,6453.22000000,0.17795300,6450.15000000,0.69898800,6453.89000000,0.39184700,6450.00000000,1.25302400,6455.00000000,2.35962500,6449.52000000,0.05000000,6455.19000000,0.01598400,6449.42000000,0.60930000,6455.97000000,0.19987200,6449.37000000,0.36100000,6456.00000000,0.00618100,6448.64000000,1.54997800,6456.35000000,0.40744800,6448.53000000,0.27558300,6456.54000000,0.60970000,
1537189938.26,2018-09-17 21:12:18,6452.18000000,2.39158700,6453.20000000,0.01907100,6451.62000000,0.06894000,6453.22000000,0.17795300,6450.19000000,0.09118500,6453.89000000,0.39184700,6450.17000000,0.00880700,6455.00000000,2.30962500,6450.15000000,0.69898800,6455.19000000,0.01598400,6450.00000000,1.25302400,6455.97000000,0.24987200,6449.42000000,0.60930000,6456.00000000,0.00618100,6449.37000000,0.36100000,6456.35000000,0.40744800,6448.64000000,1.54997800,6456.54000000,0.60970000,6448.53000000,0.27558300,6456.81000000,0.70743500,
1537189941.4,2018-09-17 21:12:21,6453.19000000,0.21520300,6453.20000000,2.01288900,6452.18000000,2.34158700,6453.22000000,0.20141700,6451.62000000,0.06894000,6453.89000000,0.39184700,6450.20000000,0.66380000,6455.00000000,2.30962500,6450.19000000,0.09118500,6455.19000000,0.01598400,6450.17000000,0.00880700,6455.97000000,0.24987200,6450.00000000,1.25302400,6456.00000000,0.00618100,6449.37000000,0.36100000,6456.35000000,0.40744800,6448.64000000,1.54997800,6456.54000000,0.60970000,6448.53000000,0.27558300,6456.81000000,0.70743500,
1537189944.72,2018-09-17 21:12:24,6452.18000000,1.14498700,6453.21000000,0.00296700,6451.62000000,0.06894000,6453.22000000,0.20141700,6450.20000000,0.05000000,6453.89000000,0.39184700,6450.19000000,0.09118500,6455.00000000,2.30962500,6450.17000000,0.00880700,6455.19000000,0.01598400,6450.05000000,0.61190000,6455.97000000,0.24987200,6450.00000000,1.25302400,6456.00000000,0.00618100,6449.37000000,0.36100000,6456.35000000,0.40744800,6448.64000000,1.54997800,6456.54000000,0.60970000,6448.53000000,0.27558300,6456.81000000,0.70743500,
1537189947.86,2018-09-17 21:12:27,6452.18000000,1.01192700,6453.22000000,1.93859500,6451.62000000,0.06894000,6453.89000000,0.39184700,6450.20000000,0.05000000,6455.00000000,2.30962500,6450.19000000,0.09118500,6455.19000000,0.01598400,6450.17000000,0.00880700,6455.97000000,0.24987200,6450.00000000,1.25302400,6456.00000000,0.00618100,6449.42000000,0.61670000,6456.35000000,0.40744800,6449.37000000,0.36100000,6456.54000000,0.60970000,6448.64000000,1.54997800,6456.81000000,0.70743500,6448.53000000,0.27558300,6456.91000000,0.50000000,
1537189951.1,2018-09-17 21:12:31,6452.21000000,0.16114300,6453.88000000,1.92298300,6452.20000000,0.09279100,6453.89000000,0.39184700,6452.18000000,1.01192700,6455.00000000,2.30962500,6450.76000000,0.06622800,6455.19000000,0.01598400,6450.20000000,0.05000000,6455.97000000,0.24987200,6450.17000000,0.00880700,6456.00000000,0.00618100,6450.00000000,1.25302400,6456.35000000,0.40744800,6449.42000000,0.61670000,6456.54000000,0.60970000,6449.37000000,0.36100000,6456.81000000,0.70743500,6448.64000000,1.54997800,6456.91000000,0.50000000,
1537189954.23,2018-09-17 21:12:34,6453.23000000,0.01362000,6453.87000000,0.14218100,6453.22000000,0.01893000,6453.88000000,1.92298300,6452.19000000,0.14574300,6453.89000000,0.39184700,6452.18000000,1.02198700,6455.00000000,2.30962500,6450.20000000,0.05000000,6455.19000000,0.01598400,6450.00000000,1.25302400,6455.97000000,0.24987200,6449.42000000,0.61670000,6456.00000000,0.00618100,6449.37000000,0.36100000,6456.35000000,0.40744800,6448.64000000,1.54997800,6456.54000000,0.60970000,6448.53000000,0.27558300,6456.81000000,0.70743500,
1537189957.37,2018-09-17 21:12:37,6452.21000000,0.16114300,6453.22000000,0.01004800,6452.18000000,1.02198700,6453.87000000,0.10594300,6451.33000000,0.07311000,6453.89000000,0.39184700,6450.20000000,0.05000000,6455.00000000,2.30962500,6450.00000000,0.62820400,6455.19000000,0.01598400,6449.42000000,0.61670000,6455.97000000,0.24987200,6449.37000000,0.36100000,6456.00000000,0.00618100,6448.64000000,1.54997800,6456.35000000,0.40744800,6448.53000000,0.27558300,6456.54000000,0.60970000,6448.52000000,0.01550700,6456.81000000,0.70743500,
1537189960.6,2018-09-17 21:12:40,6453.27000000,0.14671400,6457.01000000,0.17654300,6453.26000000,1.00000000,6457.02000000,0.29104900,6453.25000000,0.09989700,6457.78000000,0.01657300,6453.24000000,0.06904900,6458.31000000,2.70000000,6453.23000000,0.01594000,6458.60000000,0.16329900,6452.19000000,8.00000000,6458.61000000,0.15000000,6452.18000000,1.01888900,6459.39000000,0.59100000,6450.00000000,0.62820400,6460.00000000,0.40433400,6449.42000000,0.61670000,6460.33000000,0.39243900,6449.37000000,0.36100000,6460.42000000,0.22828300,
1537189963.93,2018-09-17 21:12:43,6453.47000000,0.30000000,6458.28000000,0.32213000,6453.46000000,1.00000000,6458.29000000,0.50000000,6453.45000000,6.05928000,6458.31000000,2.58813600,6453.44000000,0.16103300,6458.60000000,0.16329900,6453.43000000,2.00000000,6458.61000000,0.15000000,6453.39000000,0.50000000,6459.34000000,0.65830000,6453.30000000,2.00000000,6460.00000000,0.40433400,6453.25000000,0.04989700,6460.33000000,0.39243900,6453.24000000,0.06904900,6460.42000000,0.22828300,6453.23000000,0.01594000,6460.49000000,0.50000000,
1537189967.16,2018-09-17 21:12:47,6453.53000000,0.16103300,6458.28000000,0.32213000,6453.52000000,3.00000000,6458.29000000,0.50000000,6453.51000000,6.05000000,6458.60000000,0.16329900,6453.50000000,2.00000000,6458.61000000,0.15000000,6453.48000000,2.04989600,6459.34000000,0.60830000,6453.39000000,0.50000000,6460.00000000,0.40433400,6453.24000000,0.06904900,6460.33000000,0.39243900,6453.23000000,0.01594000,6460.42000000,0.22828300,6452.18000000,1.00882900,6460.67000000,1.05000000,6450.00000000,0.62820400,6460.79000000,0.01361000,
1537189970.3,2018-09-17 21:12:50,6455.01000000,0.16103300,6458.28000000,0.32213000,6455.00000000,0.06000000,6458.29000000,0.50000000,6453.66000000,2.00000000,6458.60000000,0.16329900,6453.65000000,6.05000000,6458.61000000,0.15000000,6453.64000000,2.00000000,6459.34000000,0.65830000,6453.59000000,0.00297300,6460.00000000,0.40433400,6453.50000000,2.00000000,6460.33000000,0.39243900,6453.39000000,0.50000000,6460.42000000,0.22828300,6453.24000000,0.06904900,6460.67000000,1.00000000,6453.23000000,0.01594000,6460.79000000,0.01361000,
1537189973.66,2018-09-17 21:12:53,6453.70000000,2.00000000,6458.26000000,0.11656800,6453.69000000,6.06457800,6458.27000000,0.05506100,6453.66000000,1.64947800,6458.29000000,0.50000000,6453.39000000,0.50000000,6458.60000000,0.16329900,6453.23000000,0.01594000,6458.61000000,0.15000000,6452.18000000,1.00882900,6459.34000000,0.60830000,6450.00000000,0.62820400,6460.00000000,0.40433400,6449.72000000,0.61620000,6460.33000000,0.39243900,6449.60000000,0.14313300,6460.42000000,0.22828300,6449.55000000,0.37595800,6460.67000000,1.00000000,
1537189976.88,2018-09-17 21:12:56,6455.21000000,0.16103500,6458.22000000,0.07672800,6455.18000000,6.00545500,6458.25000000,2.00000000,6455.00000000,2.18977000,6458.27000000,0.05506100,6454.55000000,0.06503000,6458.29000000,0.50000000,6453.72000000,0.45968700,6458.60000000,0.16329900,6453.63000000,0.05209400,6458.61000000,0.15000000,6453.39000000,0.50000000,6459.34000000,0.60830000,6453.24000000,0.41243400,6460.00000000,0.40433400,6453.23000000,0.01594000,6460.33000000,0.39243900,6452.18000000,1.00882900,6460.42000000,0.22828300,
1537189980.12,2018-09-17 21:13:00,6455.00000000,1.52252700,6458.13000000,1.36850300,6453.86000000,0.00297300,6458.14000000,0.19000000,6453.73000000,0.07576300,6458.15000000,2.00000000,6453.63000000,0.05209400,6458.16000000,0.04437000,6453.24000000,0.41243400,6458.17000000,0.04985900,6453.23000000,0.01594000,6458.19000000,0.07698200,6452.18000000,1.00882900,6458.20000000,10.60000000,6451.57000000,0.50000000,6458.23000000,2.00000000,6450.00000000,0.72994500,6458.60000000,0.16329900,6449.72000000,0.61620000,6458.61000000,0.15000000,
1537189983.25,2018-09-17 21:13:03,6455.00000000,1.18451400,6458.00000000,2.13327200,6453.86000000,0.00297300,6458.01000000,0.29000000,6453.63000000,0.05209400,6458.04000000,1.00000000,6453.24000000,0.41243400,6458.05000000,6.03437000,6453.23000000,0.01594000,6458.08000000,0.61860000,6453.04000000,0.06939600,6458.12000000,2.00000000,6452.18000000,0.20690600,6458.17000000,0.04985900,6452.00000000,0.08201200,6458.20000000,10.60000000,6451.57000000,0.50000000,6458.23000000,2.00000000,6450.00000000,0.72994500,6458.60000000,0.16329900,
1537189986.61,2018-09-17 21:13:06,6455.00000000,0.98873900,6457.85000000,2.13327200,6453.86000000,0.00297300,6457.86000000,0.14000000,6453.63000000,0.05209400,6457.87000000,6.20000000,6453.24000000,0.41243400,6457.88000000,6.03437000,6453.23000000,0.01594000,6457.89000000,2.04986100,6453.17000000,0.07160000,6457.94000000,2.00000000,6452.18000000,0.25690600,6457.95000000,0.60870000,6452.00000000,0.08201200,6458.20000000,10.60000000,6450.31000000,0.13900000,6458.60000000,0.16329900,6450.00000000,0.67994500,6458.61000000,0.15000000,
1537189989.94,2018-09-17 21:13:09,6455.00000000,0.49861600,6457.11000000,2.07764100,6453.86000000,0.00297300,6457.12000000,0.50000000,6453.63000000,0.05209400,6457.85000000,0.61870000,6453.24000000,0.41243400,6457.86000000,0.14000000,6453.23000000,0.01594000,6457.87000000,11.70000000,6452.24000000,0.06468500,6457.89000000,2.04986100,6452.18000000,0.25690600,6457.94000000,2.00000000,6452.00000000,0.08201200,6458.60000000,0.16329900,6451.53000000,0.60980000,6458.61000000,0.15000000,6450.31000000,0.13900000,6458.67000000,0.50000000,
1537189993.18,2018-09-17 21:13:13,6455.37000000,0.20036000,6457.08000000,0.03377900,6455.36000000,0.09406700,6457.09000000,2.05696200,6455.35000000,0.03563500,6457.10000000,0.04986800,6455.00000000,0.64601900,6457.12000000,0.50000000,6453.63000000,0.05209400,6457.86000000,0.14000000,6453.24000000,0.41243400,6457.87000000,2.00000000,6453.23000000,0.01594000,6457.89000000,2.00000000,6452.18000000,0.25690600,6458.12000000,0.61140000,6452.00000000,0.08201200,6458.60000000,0.16329900,6451.59000000,0.06738600,6458.61000000,0.15000000,
1537189996.31,2018-09-17 21:13:16,6455.37000000,0.16177000,6457.05000000,2.00801100,6455.36000000,0.09406700,6457.06000000,0.02630200,6455.35000000,0.03563500,6457.10000000,0.04986800,6455.01000000,0.00155000,6457.12000000,0.50000000,6455.00000000,0.64601900,6457.86000000,0.18437000,6453.63000000,0.10209400,6458.12000000,0.61140000,6453.24000000,0.41243400,6458.60000000,0.16329900,6453.23000000,0.01594000,6458.61000000,0.15000000,6452.18000000,0.20690600,6458.67000000,0.50000000,6452.00000000,0.08201200,6460.00000000,0.40433400,
1537189999.64,2018-09-17 21:13:19,6455.44000000,0.16106400,6457.05000000,1.91712400,6455.43000000,0.01079100,6457.85000000,0.61340000,6455.41000000,0.16018400,6457.86000000,0.14000000,6455.40000000,0.05000000,6458.60000000,0.20766900,6455.39000000,2.00000000,6458.61000000,0.15000000,6455.37000000,1.18178600,6458.67000000,0.50000000,6455.35000000,0.03563500,6460.00000000,0.40433400,6455.01000000,0.00155000,6460.10000000,0.37146900,6455.00000000,0.64601900,6460.33000000,0.39243900,6453.63000000,0.05209400,6460.42000000,0.22828300,
1537190002.77,2018-09-17 21:13:22,6455.46000000,0.16106500,6456.99000000,1.91712400,6455.41000000,0.16018400,6457.00000000,0.25596400,6455.37000000,1.18178600,6457.86000000,0.14000000,6455.35000000,0.03563500,6458.60000000,0.20766900,6455.01000000,0.00155000,6458.61000000,0.15000000,6455.00000000,0.64601900,6458.67000000,0.50000000,6454.68000000,0.06803200,6460.00000000,0.40433400,6453.63000000,0.10209400,6460.10000000,0.37146900,6453.24000000,0.41243400,6460.33000000,0.39243900,6453.23000000,0.01594000,6460.42000000,0.22828300,
1537190005.92,2018-09-17 21:13:25,6455.39000000,0.31816400,6456.99000000,0.27376600,6455.38000000,0.06080200,6457.00000000,0.25596400,6455.37000000,3.08939100,6457.86000000,0.14000000,6455.35000000,0.03563500,6458.60000000,0.20766900,6455.21000000,0.06202700,6458.61000000,0.15000000,6455.01000000,0.00155000,6459.40000000,0.61060000,6455.00000000,0.64601900,6460.00000000,0.40433400,6453.63000000,0.05209400,6460.10000000,0.37146900,6453.24000000,0.41243400,6460.33000000,0.39243900,6453.23000000,0.01594000,6460.42000000,0.22828300,
1537190009.24,2018-09-17 21:13:29,6455.43000000,0.16106500,6456.99000000,0.27002000,6455.40000000,0.00297200,6457.86000000,0.14000000,6455.39000000,0.16018400,6458.60000000,0.16329900,6455.38000000,0.06080200,6458.61000000,0.15000000,6455.37000000,3.08939100,6459.40000000,0.04437000,6455.35000000,0.03563500,6460.00000000,0.40433400,6455.21000000,0.06202700,6460.10000000,0.37146900,6455.01000000,0.00155000,6460.33000000,0.39243900,6455.00000000,0.64601900,6460.42000000,0.22828300,6453.70000000,0.36100000,6460.67000000,1.00000000,
1537190012.38,2018-09-17 21:13:32,6455.47000000,0.16106500,6456.99000000,0.21465100,6455.46000000,0.08103200,6457.86000000,0.14000000,6455.44000000,2.16018300,6458.60000000,0.16329900,6455.40000000,0.00297200,6458.61000000,0.15000000,6455.38000000,0.06080200,6459.40000000,0.04437000,6455.37000000,1.08939100,6459.95000000,0.61660000,6455.35000000,0.03563500,6460.00000000,3.88233400,6455.21000000,0.06202700,6460.10000000,0.37146900,6455.19000000,0.03872800,6460.33000000,0.39243900,6455.01000000,0.00155000,6460.42000000,0.22828300,
1537190015.52,2018-09-17 21:13:35,6455.47000000,0.16106500,6456.00000000,0.25596400,6455.40000000,0.00297200,6456.99000000,0.21465100,6455.37000000,1.03939100,6458.60000000,0.16329900,6455.35000000,0.03563500,6458.61000000,0.15000000,6455.21000000,0.06202700,6459.40000000,0.04437000,6455.19000000,0.03872800,6459.95000000,0.61660000,6455.01000000,0.00155000,6460.00000000,3.88233400,6455.00000000,0.64601900,6460.10000000,0.37146900,6454.62000000,0.07266800,6460.33000000,0.39243900,6453.70000000,0.41100000,6460.42000000,0.22828300,
1537190018.68,2018-09-17 21:13:38,6455.49000000,0.00939500,6456.00000000,0.25596400,6455.48000000,0.16018200,6456.99000000,0.21465100,6455.47000000,0.11106500,6458.60000000,0.16329900,6455.40000000,0.00297200,6458.61000000,0.15000000,6455.37000000,1.03939100,6459.40000000,0.04437000,6455.35000000,0.03563500,6459.95000000,0.61660000,6455.21000000,0.06202700,6460.00000000,3.88233400,6455.19000000,0.03872800,6460.10000000,0.37146900,6455.01000000,0.00155000,6460.33000000,0.39243900,6455.00000000,0.64601900,6460.42000000,0.22828300,
1537190021.82,2018-09-17 21:13:41,6455.41000000,0.08304700,6455.47000000,0.00000200,6455.40000000,0.00297200,6456.00000000,0.05596400,6455.37000000,1.03939100,6456.99000000,0.21465100,6455.35000000,0.03563500,6458.60000000,0.16329900,6455.21000000,0.06202700,6458.61000000,0.15000000,6455.19000000,0.03872800,6459.40000000,0.04437000,6455.01000000,0.00155000,6459.95000000,0.61660000,6455.00000000,0.23557800,6460.00000000,3.88233400,6454.62000000,0.07266800,6460.10000000,0.37146900,6453.70000000,0.41100000,6460.33000000,0.39243900,
1537190024.95,2018-09-17 21:13:44,6455.37000000,0.71049800,6455.47000000,0.00000200,6455.35000000,0.03563500,6456.00000000,0.05596400,6455.21000000,0.06202700,6456.99000000,0.21465100,6455.19000000,0.03872800,6458.60000000,0.16329900,6455.01000000,0.00155000,6458.61000000,0.15000000,6455.00000000,0.23557800,6459.40000000,0.04437000,6454.12000000,0.06715600,6459.73000000,0.50000000,6453.70000000,0.05000000,6459.95000000,0.61660000,6453.24000000,0.41243400,6460.00000000,3.88233400,6453.21000000,0.13900000,6460.10000000,0.37146900,
1537190028.1,2018-09-17 21:13:48,6455.38000000,0.01593500,6455.46000000,0.11770200,6455.37000000,0.71049800,6455.47000000,0.00000200,6455.35000000,0.03563500,6456.00000000,0.05596400,6455.19000000,0.03872800,6456.99000000,0.21465100,6455.01000000,0.00155000,6458.60000000,0.16329900,6455.00000000,0.23557800,6458.61000000,0.15000000,6454.12000000,0.06715600,6459.40000000,0.04437000,6453.70000000,0.05000000,6459.68000000,0.61710000,6453.24000000,0.41243400,6459.73000000,0.50000000,6453.21000000,0.13900000,6460.00000000,3.96009700,
1537190031.33,2018-09-17 21:13:51,6455.38000000,0.01593500,6455.99000000,0.09800900,6455.37000000,0.76257800,6456.00000000,0.03576600,6455.35000000,0.03563500,6456.99000000,0.21465100,6455.19000000,0.03872800,6458.60000000,0.16329900,6455.01000000,0.00155000,6458.61000000,0.15000000,6455.00000000,0.23557800,6459.40000000,0.04437000,6454.79000000,0.07111300,6459.68000000,0.61710000,6453.70000000,0.05000000,6459.73000000,0.50000000,6453.24000000,0.41243400,6460.00000000,3.88233400,6453.21000000,0.13900000,6460.10000000,0.37146900,
1537190034.57,2018-09-17 21:13:54,6456.00000000,0.00003400,6456.99000000,0.14802100,6455.40000000,0.00043900,6458.60000000,0.16329900,6455.38000000,0.01593500,6458.61000000,0.15000000,6455.37000000,0.76257800,6459.40000000,0.04437000,6455.19000000,0.03872800,6459.73000000,0.50000000,6455.01000000,0.00155000,6459.95000000,0.60840000,6455.00000000,0.23557800,6460.00000000,3.88233400,6454.79000000,0.07111300,6460.10000000,0.37146900,6453.70000000,0.05000000,6460.33000000,0.39243900,6453.24000000,0.41243400,6460.42000000,0.22828300,
1537190038.75,2018-09-17 21:13:58,6455.38000000,0.16102600,6458.55000000,0.12820200,6455.37000000,0.48359000,6458.56000000,1.76341300,6455.19000000,0.03872800,6458.57000000,9.90000000,6455.01000000,0.00155000,6458.59000000,1.94938300,6455.00000000,0.46821200,6458.60000000,0.08925800,6453.98000000,0.07194100,6458.61000000,0.15000000,6453.64000000,0.36100000,6459.95000000,0.60840000,6453.24000000,0.41243400,6459.99000000,0.31286900,6453.21000000,0.18900000,6460.00000000,3.88489400,6452.36000000,0.61790000,6460.10000000,0.37146900,
1537190041.9,2018-09-17 21:14:01,6455.40000000,0.13968100,6458.55000000,2.00000000,6455.39000000,0.07745400,6458.60000000,0.08925800,6455.37000000,0.48359000,6458.61000000,0.15000000,6455.19000000,0.03872800,6459.95000000,0.60840000,6455.01000000,0.00155000,6459.96000000,0.50000000,6455.00000000,0.46821200,6460.00000000,3.88489400,6453.76000000,0.07498300,6460.10000000,0.37146900,6453.64000000,0.36100000,6460.33000000,0.39243900,6453.24000000,0.41243400,6460.42000000,0.22828300,6453.21000000,0.18900000,6460.67000000,1.00000000,
1537190045.13,2018-09-17 21:14:05,6455.42000000,0.16102600,6458.31000000,0.25612900,6455.39000000,0.07745400,6458.55000000,1.70779600,6455.37000000,0.48359000,6458.60000000,0.08925800,6455.19000000,0.03872800,6458.61000000,0.15000000,6455.01000000,0.13211900,6459.95000000,0.60840000,6455.00000000,0.46821200,6460.00000000,3.96229300,6453.64000000,0.36100000,6460.10000000,0.37146900,6453.24000000,0.41243400,6460.33000000,0.39243900,6453.23000000,0.06556500,6460.42000000,0.22828300,6453.21000000,0.18900000,6460.67000000,1.00000000,
1537190048.28,2018-09-17 21:14:08,6455.42000000,0.16102600,6458.29000000,0.98339000,6455.39000000,0.07745400,6458.31000000,0.24712900,6455.37000000,0.48359000,6458.55000000,1.70779600,6455.19000000,0.03872800,6458.60000000,0.08925800,6455.01000000,0.13211900,6458.61000000,0.15000000,6455.00000000,0.46821200,6459.95000000,0.60840000,6453.64000000,0.36100000,6460.00000000,3.96229300,6453.24000000,0.41243400,6460.10000000,0.37146900,6453.21000000,0.18900000,6460.33000000,0.39243900,6452.48000000,0.06306300,6460.42000000,0.22828300,
1537190051.44,2018-09-17 21:14:11,6455.42000000,0.24200700,6458.55000000,1.39932100,6455.39000000,0.07745400,6458.60000000,0.08925800,6455.37000000,0.48359000,6458.61000000,0.15000000,6455.19000000,0.03872800,6459.95000000,0.60840000,6455.01000000,0.13211900,6460.00000000,3.96229300,6455.00000000,0.46821200,6460.10000000,0.37146900,6453.64000000,0.36100000,6460.33000000,0.39243900,6453.24000000,0.41243400,6460.42000000,0.22828300,6453.21000000,0.13900000,6460.67000000,1.00000000,6452.53000000,0.61960000,6460.78000000,1.65290600,
1537190054.59,2018-09-17 21:14:14,6455.51000000,0.16102600,6458.55000000,1.39932100,6455.48000000,0.08000000,6458.60000000,0.08925800,6455.42000000,0.08098100,6458.61000000,0.15000000,6455.39000000,0.07745400,6459.95000000,0.60840000,6455.37000000,0.48359000,6460.00000000,3.96229300,6455.19000000,0.44221300,6460.10000000,0.37146900,6455.01000000,0.13211900,6460.33000000,0.39243900,6455.00000000,0.46821200,6460.42000000,0.22828300,6454.95000000,0.07183300,6460.67000000,1.00000000,6453.64000000,0.36100000,6460.78000000,1.65290600,
1537190057.95,2018-09-17 21:14:17,6455.55000000,0.16102600,6458.55000000,0.00772700,6455.54000000,0.00258600,6458.60000000,0.08925800,6455.48000000,0.08000000,6458.61000000,0.15000000,6455.42000000,0.08098100,6459.95000000,0.60840000,6455.39000000,0.07745400,6460.00000000,3.96229300,6455.37000000,0.48359000,6460.10000000,0.37146900,6455.19000000,0.44221300,6460.33000000,0.39243900,6455.01000000,0.13211900,6460.42000000,0.22828300,6455.00000000,0.46821200,6460.67000000,1.00000000,6454.95000000,0.07183300,6460.78000000,1.65290600,
1537190061.22,2018-09-17 21:14:21,6455.37000000,0.38076100,6455.38000000,1.80199900,6455.19000000,0.44221300,6455.42000000,0.12521000,6455.01000000,0.13211900,6458.55000000,0.00772700,6455.00000000,0.46821200,6458.60000000,0.08925800,6454.95000000,0.07183300,6458.61000000,0.15000000,6453.64000000,0.05000000,6459.74000000,0.50000000,6453.24000000,0.41243400,6459.95000000,0.60840000,6453.21000000,0.13900000,6460.00000000,3.96229300,6452.31000000,0.36100000,6460.10000000,0.37146900,6452.18000000,0.00690600,6460.33000000,0.39243900,
1537190064.45,2018-09-17 21:14:24,6455.37000000,0.31724300,6455.38000000,1.68531400,6455.19000000,0.44221300,6455.42000000,0.12521000,6455.01000000,0.13211900,6458.54000000,0.09730200,6455.00000000,0.46821200,6458.55000000,0.00772700,6454.95000000,0.07183300,6458.60000000,0.08925800,6453.64000000,0.05000000,6458.61000000,0.15000000,6453.24000000,0.41243400,6459.27000000,0.61900000,6453.21000000,0.13900000,6459.74000000,0.50000000,6452.36000000,0.61640000,6460.00000000,3.96229300,6452.31000000,0.36100000,6460.10000000,0.37146900,
1537190067.68,2018-09-17 21:14:27,6455.37000000,0.18661500,6455.38000000,1.66580000,6455.19000000,0.44221300,6455.42000000,0.12521000,6455.01000000,0.13211900,6458.54000000,0.09730200,6455.00000000,0.46821200,6458.60000000,0.08925800,6454.37000000,0.07180500,6458.61000000,0.15000000,6453.64000000,0.05000000,6459.27000000,0.61900000,6453.24000000,0.41243400,6459.74000000,0.50000000,6452.36000000,0.61640000,6460.00000000,3.96229300,6452.31000000,0.36100000,6460.10000000,0.37146900,6452.18000000,0.00690600,6460.33000000,0.39243900,
1537190071.0,2018-09-17 21:14:31,6455.37000000,0.24945500,6455.38000000,1.58733100,6455.19000000,0.44221300,6455.42000000,0.12521000,6455.01000000,0.13211900,6458.54000000,0.09730200,6455.00000000,0.46821200,6458.60000000,0.08925800,6453.64000000,0.05000000,6458.61000000,0.15000000,6453.24000000,0.41243400,6459.27000000,0.61900000,6452.36000000,0.61640000,6459.74000000,0.50000000,6452.31000000,0.36100000,6460.00000000,3.96229300,6452.18000000,0.00690600,6460.10000000,0.37146900,6452.00000000,0.08201200,6460.33000000,0.39243900,
1537190074.13,2018-09-17 21:14:34,6455.19000000,0.44221300,6455.37000000,0.03959500,6455.01000000,0.13211900,6455.38000000,1.58733100,6455.00000000,0.46821200,6455.42000000,0.12521000,6454.69000000,0.07043500,6458.59000000,0.09730200,6453.64000000,0.05000000,6458.60000000,0.08925800,6453.24000000,0.41243400,6458.61000000,0.15000000,6452.36000000,0.61640000,6459.27000000,0.61900000,6452.31000000,0.36100000,6459.74000000,0.50000000,6452.18000000,0.00690600,6460.00000000,3.96229300,6452.00000000,0.08201200,6460.10000000,0.37146900,
1537190077.46,2018-09-17 21:14:37,6455.20000000,0.09783000,6455.35000000,0.06000000,6455.19000000,0.44221300,6455.37000000,0.06765000,6455.01000000,0.13211900,6455.38000000,1.58733100,6455.00000000,0.46821200,6455.42000000,0.12521000,6453.65000000,0.07639800,6458.59000000,0.03326600,6453.64000000,0.05000000,6458.60000000,0.08925800,6453.24000000,0.41243400,6458.61000000,0.15000000,6452.36000000,0.61640000,6459.27000000,0.61900000,6452.31000000,0.36100000,6459.74000000,0.50000000,6452.18000000,0.00690600,6460.00000000,3.96229300,
1537190080.7,2018-09-17 21:14:40,6455.02000000,0.11300600,6455.35000000,0.00803300,6455.01000000,0.13211900,6455.37000000,0.32772900,6455.00000000,0.46821200,6455.38000000,1.58733100,6453.65000000,0.07639800,6455.42000000,0.12521000,6453.64000000,0.05000000,6458.60000000,0.08925800,6453.24000000,0.41243400,6458.61000000,0.15000000,6452.31000000,0.36100000,6459.27000000,0.61900000,6452.18000000,0.00690600,6459.74000000,0.50000000,6452.00000000,0.08201200,6460.00000000,3.96229300,6451.73000000,0.13900000,6460.10000000,0.37146900,
1537190084.02,2018-09-17 21:14:44,6455.01000000,0.13211900,6455.37000000,0.09781400,6455.00000000,0.46821200,6455.38000000,1.58733100,6454.09000000,0.07132400,6455.42000000,0.12521000,6453.64000000,0.05000000,6458.60000000,0.08925800,6453.24000000,0.41243400,6458.61000000,0.15000000,6452.31000000,0.36100000,6459.27000000,0.61900000,6452.18000000,0.00690600,6459.74000000,0.50000000,6452.00000000,0.08201200,6460.00000000,3.96229300,6451.73000000,0.13900000,6460.10000000,0.37146900,6451.00000000,0.60940000,6460.33000000,0.39243900,
1537190087.16,2018-09-17 21:14:47,6455.01000000,0.13211900,6455.37000000,0.08281400,6455.00000000,0.23263400,6455.38000000,1.58733100,6454.32000000,0.07616000,6455.42000000,0.12521000,6453.64000000,0.05000000,6458.09000000,0.03299600,6453.24000000,0.41243400,6458.60000000,0.08925800,6452.31000000,0.36100000,6458.61000000,0.15000000,6452.18000000,0.00690600,6459.27000000,0.61900000,6452.00000000,0.08201200,6459.74000000,0.50000000,6451.73000000,0.13900000,6460.00000000,3.96229300,6451.00000000,0.60940000,6460.10000000,0.37146900,
1537190090.29,2018-09-17 21:14:50,6455.00000000,0.11428800,6455.37000000,0.08281400,6454.37000000,0.06526900,6455.38000000,1.58733100,6453.64000000,0.05000000,6455.42000000,0.12521000,6453.24000000,0.41243400,6458.60000000,0.08925800,6452.31000000,0.36100000,6458.61000000,0.15000000,6452.18000000,0.00690600,6458.65000000,0.03299600,6452.00000000,0.08201200,6459.27000000,0.61900000,6451.73000000,0.13900000,6459.74000000,0.50000000,6451.00000000,0.60940000,6460.00000000,3.96229300,6450.95000000,0.36100000,6460.10000000,0.37146900,
1537190093.61,2018-09-17 21:14:53,6455.00000000,0.13759800,6455.02000000,1.68116300,6453.73000000,0.07141800,6455.37000000,0.08281400,6453.64000000,0.05000000,6455.38000000,1.58733100,6453.24000000,0.41243400,6455.42000000,0.12521000,6452.31000000,0.36100000,6458.60000000,0.08925800,6452.18000000,0.00690600,6458.61000000,0.15000000,6452.00000000,0.08201200,6458.65000000,0.03299600,6451.73000000,0.13900000,6459.27000000,0.61900000,6450.95000000,0.36100000,6459.74000000,0.50000000,6450.31000000,0.13900000,6460.00000000,3.96229300,
1537190096.76,2018-09-17 21:14:56,6455.00000000,0.13759800,6455.02000000,1.66055900,6453.64000000,0.05000000,6455.37000000,0.08281400,6453.24000000,0.41243400,6455.38000000,1.58733100,6452.84000000,0.07558500,6455.42000000,0.12521000,6452.31000000,0.36100000,6458.60000000,0.08925800,6452.18000000,0.00690600,6458.61000000,0.15000000,6452.00000000,0.08201200,6458.65000000,0.03299600,6451.73000000,0.13900000,6459.27000000,0.61900000,6450.95000000,0.36100000,6459.74000000,0.50000000,6450.31000000,0.13900000,6460.00000000,3.96229300,
1537190099.99,2018-09-17 21:14:59,6455.01000000,0.14438300,6455.02000000,1.59703100,6455.00000000,0.02230200,6455.37000000,0.08281400,6453.64000000,0.05000000,6455.38000000,1.60221000,6453.24000000,0.41243400,6455.42000000,0.12521000,6452.31000000,0.36100000,6456.42000000,0.03299600,6452.18000000,0.00690600,6458.60000000,0.25298000,6452.07000000,0.07293000,6458.61000000,0.15000000,6452.00000000,0.08201200,6459.27000000,0.61900000,6451.73000000,0.13900000,6459.74000000,0.50000000,6450.95000000,0.36100000,6460.00000000,3.96229300,
1537190103.22,2018-09-17 21:15:03,6455.00000000,0.02230200,6455.02000000,1.58912600,6453.24000000,0.41243400,6455.37000000,0.08281400,6452.31000000,0.41100000,6455.38000000,1.60221000,6452.18000000,0.00690600,6455.42000000,0.12521000,6452.07000000,0.07293000,6456.08000000,0.03299600,6452.00000000,0.08201200,6458.60000000,0.25298000,6451.73000000,0.13900000,6458.61000000,0.15000000,6450.95000000,0.36100000,6459.27000000,0.61900000,6450.31000000,0.13900000,6459.74000000,0.50000000,6450.05000000,0.61010000,6460.00000000,3.96229300,
1537190106.38,2018-09-17 21:15:06,6455.00000000,0.02230200,6455.02000000,1.58912600,6453.26000000,2.00000000,6455.37000000,0.08281400,6453.25000000,0.16111500,6455.38000000,1.58733100,6453.24000000,0.41243400,6455.42000000,0.12521000,6452.31000000,0.05000000,6456.08000000,0.03299600,6452.18000000,0.00690600,6458.33000000,0.50000000,6452.07000000,0.07293000,6458.60000000,0.25298000,6452.00000000,0.08201200,6458.61000000,0.15000000,6451.73000000,0.13900000,6459.27000000,0.61900000,6450.95000000,0.36100000,6459.74000000,0.50000000,
1537190109.53,2018-09-17 21:15:09,6455.01000000,0.00000100,6455.02000000,1.48332900,6453.25000000,0.16111500,6455.37000000,0.08281400,6453.24000000,0.41243400,6455.38000000,1.58733100,6452.31000000,0.05000000,6455.42000000,0.12521000,6452.18000000,0.00690600,6455.69000000,0.03299600,6452.07000000,0.07293000,6458.28000000,0.61840000,6452.00000000,0.08201200,6458.33000000,0.50000000,6451.73000000,0.13900000,6458.60000000,0.25298000,6450.95000000,0.36100000,6458.61000000,0.15000000,6450.36000000,0.61130000,6459.74000000,0.50000000,
1537190112.85,2018-09-17 21:15:12,6455.01000000,0.04568000,6455.02000000,1.48332900,6453.25000000,0.15610500,6455.37000000,0.08281400,6453.24000000,0.41243400,6455.38000000,1.58733100,6452.31000000,0.05000000,6455.42000000,0.12521000,6452.18000000,0.00690600,6456.19000000,0.03299600,6452.07000000,0.07293000,6458.33000000,0.50000000,6452.00000000,0.08201200,6458.60000000,0.25298000,6451.73000000,0.13900000,6458.61000000,0.15000000,6450.95000000,0.36100000,6458.94000000,0.61790000,6450.31000000,0.13900000,6459.74000000,0.50000000,
1537190116.0,2018-09-17 21:15:15,6455.01000000,0.01464300,6455.02000000,1.32154400,6453.28000000,0.03211100,6455.37000000,0.08281400,6453.25000000,0.15610500,6455.38000000,1.58733100,6453.24000000,0.41243400,6455.40000000,0.03299600,6452.31000000,0.05000000,6455.42000000,0.12521000,6452.18000000,0.00690600,6458.33000000,0.50000000,6452.00000000,0.08201200,6458.60000000,0.25298000,6451.73000000,0.13900000,6458.61000000,0.15000000,6451.35000000,0.06576200,6458.94000000,0.61790000,6450.95000000,0.36100000,6459.74000000,0.50000000,
1537190119.15,2018-09-17 21:15:19,6453.30000000,0.31183500,6455.01000000,0.00550000,6453.28000000,0.03211100,6455.02000000,0.94699100,6453.25000000,0.03926500,6455.37000000,0.08281400,6453.24000000,0.41243400,6455.38000000,1.58733100,6452.96000000,0.07206200,6455.42000000,0.12521000,6452.31000000,0.05000000,6456.64000000,0.01649800,6452.18000000,0.00690600,6458.33000000,0.50000000,6452.00000000,0.08201200,6458.60000000,0.25298000,6451.73000000,0.13900000,6458.61000000,0.15000000,6450.95000000,0.36100000,6458.94000000,0.61790000,
1537190122.29,2018-09-17 21:15:22,6453.30000000,0.23176600,6454.99000000,0.06426800,6453.28000000,0.03211100,6455.01000000,0.00550000,6453.25000000,0.03926500,6455.02000000,0.94699100,6453.24000000,0.41243400,6455.37000000,0.08281400,6452.96000000,0.07206200,6455.38000000,1.58733100,6452.18000000,0.00690600,6455.42000000,0.12521000,6452.00000000,0.08201200,6456.64000000,0.01649800,6450.95000000,0.41100000,6457.89000000,0.62000000,6450.31000000,0.13900000,6458.33000000,0.50000000,6450.00000000,1.32856100,6458.60000000,0.25298000,
1537190125.43,2018-09-17 21:15:25,6453.30000000,0.01850000,6454.99000000,0.01221500,6453.28000000,0.03211100,6455.01000000,0.00550000,6453.25000000,0.03926500,6455.02000000,0.94699100,6453.24000000,0.41243400,6455.37000000,0.08281400,6452.19000000,0.06700600,6455.38000000,1.58733100,6452.18000000,0.00690600,6455.42000000,0.13245100,6452.00000000,0.08201200,6455.85000000,0.01649800,6450.95000000,0.41100000,6457.61000000,0.42854500,6450.31000000,0.13900000,6457.89000000,0.62000000,6450.00000000,1.32856100,6458.33000000,0.50000000,
1537190128.57,2018-09-17 21:15:28,6453.28000000,0.03211100,6453.30000000,1.23415200,6453.25000000,0.03926500,6454.97000000,0.01221500,6453.24000000,0.41243400,6455.01000000,0.00550000,6452.19000000,0.06700600,6455.02000000,0.94699100,6452.18000000,0.00690600,6455.37000000,0.08281400,6452.00000000,0.08201200,6455.38000000,1.58733100,6450.95000000,0.05000000,6455.42000000,0.13245100,6450.31000000,0.13900000,6455.85000000,0.01649800,6450.00000000,1.32856100,6456.96000000,0.50000000,6449.86000000,0.36100000,6457.61000000,0.42854500,
1537190132.72,2018-09-17 21:15:32,6453.29000000,0.09921100,6453.30000000,0.22536300,6453.28000000,0.03210900,6454.26000000,0.01649800,6453.25000000,0.03926500,6454.97000000,0.01221500,6453.24000000,0.41243400,6454.99000000,1.31750200,6452.18000000,0.00690600,6455.01000000,0.00550000,6452.00000000,0.08201200,6455.02000000,0.97246700,6450.95000000,0.05000000,6455.37000000,0.08281400,6450.72000000,0.07363200,6455.38000000,1.58733100,6450.31000000,0.13900000,6455.42000000,0.13245100,6450.00000000,1.32856100,6457.61000000,0.42854500,
1537190135.95,2018-09-17 21:15:35,6453.29000000,0.00000100,6453.30000000,0.18603200,6453.28000000,0.03165100,6454.97000000,0.01221500,6453.25000000,0.03926500,6454.99000000,1.31750200,6453.24000000,0.41243400,6455.01000000,0.00550000,6452.18000000,0.00690600,6455.02000000,0.97246700,6452.00000000,0.08201200,6455.37000000,0.08281400,6450.95000000,0.05000000,6455.38000000,1.58733100,6450.72000000,0.07363200,6455.40000000,0.01649800,6450.31000000,0.13900000,6455.42000000,0.13245100,6450.00000000,1.32856100,6457.61000000,0.42854500,
1537190139.1,2018-09-17 21:15:39,6453.24000000,0.01631200,6453.30000000,0.14437900,6452.18000000,0.00690600,6454.97000000,0.01221500,6452.00000000,0.08201200,6454.99000000,1.31750200,6450.95000000,0.05000000,6455.01000000,0.00550000,6450.72000000,0.07363200,6455.02000000,0.97246700,6450.31000000,0.13900000,6455.37000000,0.08281400,6450.00000000,1.32856100,6455.38000000,1.58733100,6449.86000000,0.36100000,6455.40000000,0.01649800,6449.65000000,0.60930000,6455.42000000,0.13245100,6449.60000000,0.14313300,6457.61000000,0.42854500,
1537190142.25,2018-09-17 21:15:42,6453.25000000,0.06489300,6453.30000000,0.04462900,6453.24000000,0.01631200,6454.97000000,0.01221500,6452.18000000,0.00690600,6454.99000000,1.31750200,6452.00000000,0.08201200,6455.01000000,0.00550000,6450.95000000,0.05000000,6455.02000000,0.94699100,6450.72000000,0.07363200,6455.37000000,0.08281400,6450.31000000,0.13900000,6455.38000000,1.58733100,6450.00000000,1.32856100,6455.40000000,0.01649800,6449.86000000,0.36100000,6455.42000000,0.13245100,6449.65000000,0.60930000,6457.61000000,0.42854500,
1537190145.48,2018-09-17 21:15:45,6452.40000000,0.07110200,6454.98000000,0.12060800,6452.02000000,0.16731200,6454.99000000,1.31750200,6452.01000000,0.58428000,6455.01000000,0.00550000,6452.00000000,0.04422400,6455.02000000,0.94699100,6451.69000000,0.06793500,6455.36000000,0.05051700,6451.21000000,0.36100000,6455.37000000,0.08281400,6450.95000000,0.05000000,6455.38000000,1.58733100,6450.31000000,0.13900000,6455.42000000,0.13245100,6450.00000000,1.32856100,6457.61000000,0.42854500,6449.91000000,0.61350000,6458.33000000,0.50000000,
1537190148.71,2018-09-17 21:15:48,6452.44000000,0.00000200,6454.96000000,0.00896000,6452.43000000,0.07299200,6454.99000000,1.31750200,6452.40000000,0.07110200,6455.01000000,0.00550000,6452.00000000,0.04422400,6455.02000000,0.94699100,6451.21000000,0.36100000,6455.37000000,0.08281400,6450.95000000,0.05000000,6455.38000000,1.59120300,6450.31000000,0.13900000,6455.42000000,0.13245100,6450.00000000,1.32856100,6456.20000000,0.05051700,6449.86000000,0.36100000,6457.61000000,0.42854500,6449.65000000,0.61570000,6458.33000000,0.50000000,
1537190151.85,2018-09-17 21:15:51,6453.31000000,0.01561000,6454.94000000,0.33018800,6453.30000000,0.97709700,6454.95000000,0.00624800,6452.43000000,0.03827800,6454.99000000,1.24750200,6452.40000000,0.07110200,6455.01000000,0.00550000,6452.00000000,0.04422400,6455.02000000,0.94699100,6450.95000000,0.05000000,6455.37000000,0.08281400,6450.31000000,0.13900000,6455.38000000,1.59120300,6450.00000000,1.32856100,6455.42000000,0.13245100,6449.86000000,0.36100000,6456.20000000,0.05051700,6449.65000000,0.61570000,6457.61000000,0.42854500,
1537190154.99,2018-09-17 21:15:54,6453.33000000,0.16731300,6454.94000000,0.33018800,6453.32000000,0.07578900,6454.99000000,1.24750200,6453.30000000,0.97709700,6455.01000000,0.00550000,6453.00000000,0.01084700,6455.02000000,0.94699100,6452.43000000,0.03827800,6455.37000000,0.08281400,6452.40000000,0.07110200,6455.38000000,1.59120300,6452.00000000,0.04422400,6455.42000000,0.13245100,6450.95000000,0.05000000,6456.20000000,0.05051700,6450.31000000,0.13900000,6457.61000000,0.42854500,6450.00000000,1.32856100,6458.33000000,0.50000000,
1537190158.14,2018-09-17 21:15:58,6454.96000000,0.28875500,6454.99000000,1.24750200,6453.31000000,0.14913200,6455.01000000,0.00550000,6453.30000000,0.42119900,6455.02000000,0.94699100,6453.00000000,0.01084700,6455.37000000,0.08281400,6452.40000000,0.07110200,6455.38000000,1.59120300,6452.00000000,0.04422400,6455.42000000,0.13245100,6451.85000000,0.07613300,6456.13000000,0.06787400,6451.00000000,0.10823700,6457.61000000,0.42854500,6450.95000000,0.05000000,6458.00000000,0.00192100,6450.31000000,0.13900000,6458.33000000,0.50000000,
1537190161.27,2018-09-17 21:16:01,6454.97000000,0.08172700,6454.99000000,1.24555600,6454.96000000,0.27251400,6455.01000000,0.00550000,6453.31000000,0.19913200,6455.02000000,0.94699100,6453.30000000,0.42119900,6455.37000000,0.08281400,6453.00000000,0.01084700,6455.38000000,1.59120300,6452.40000000,0.07110200,6455.42000000,0.13245100,6452.00000000,0.04422400,6456.13000000,0.06787400,6451.85000000,0.07613300,6457.61000000,0.42854500,6451.34000000,0.36100000,6458.00000000,0.00192100,6451.00000000,0.10823700,6458.33000000,0.50000000,
1537190164.4,2018-09-17 21:16:04,6454.96000000,0.27665300,6454.99000000,1.24555600,6453.31000000,0.19913200,6455.01000000,0.00550000,6453.30000000,0.42119900,6455.02000000,0.94699100,6453.00000000,0.01084700,6455.37000000,0.08281400,6452.40000000,0.07110200,6455.38000000,1.59120300,6452.00000000,0.04422400,6455.42000000,0.13245100,6451.85000000,0.07613300,6456.78000000,0.06787400,6451.34000000,0.36100000,6457.61000000,0.42854500,6451.00000000,0.10823700,6458.00000000,0.00192100,6450.31000000,0.13900000,6458.33000000,0.50000000,
1537190167.73,2018-09-17 21:16:07,6453.31000000,0.14183600,6454.96000000,0.50257000,6453.30000000,0.19698400,6454.97000000,0.45500000,6453.00000000,0.01084700,6454.99000000,1.24555600,6452.40000000,0.12110200,6455.01000000,0.00550000,6452.00000000,0.04422400,6455.02000000,0.94699100,6451.60000000,0.06392600,6455.37000000,0.08281400,6451.34000000,0.36100000,6455.38000000,1.59120300,6451.00000000,0.10823700,6455.42000000,0.18245100,6450.31000000,0.13900000,6455.65000000,0.06587500,6450.00000000,1.32856100,6457.61000000,0.42854500,
1537190170.96,2018-09-17 21:16:10,6453.32000000,0.05400700,6454.93000000,2.00000000,6453.31000000,0.00316900,6454.94000000,6.52022500,6453.00000000,0.01084700,6454.96000000,0.03248200,6452.66000000,0.07309000,6454.97000000,0.45500000,6452.40000000,0.07110200,6454.99000000,1.24555600,6452.00000000,0.04422400,6455.01000000,0.00550000,6451.34000000,0.05000000,6455.02000000,0.94699100,6451.00000000,0.10823700,6455.37000000,0.08281400,6450.35000000,0.99593300,6455.38000000,1.59120300,6450.31000000,0.13900000,6455.42000000,0.13245100,
1537190174.19,2018-09-17 21:16:14,6453.33000000,0.13835500,6454.88000000,8.49693600,6453.32000000,0.05400600,6454.96000000,0.10472300,6453.31000000,0.00316900,6454.97000000,0.45500000,6453.00000000,0.30526800,6454.99000000,1.24555600,6452.66000000,0.07309000,6455.01000000,0.00550000,6452.40000000,0.07110200,6455.02000000,0.94699100,6452.00000000,0.04422400,6455.37000000,0.08281400,6451.00000000,0.10823700,6455.38000000,1.59120300,6450.35000000,1.04593300,6455.42000000,0.12521000,6450.00000000,1.32856100,6456.05000000,0.50000000,
1537190177.33,2018-09-17 21:16:17,6453.33000000,0.01443600,6454.10000000,0.01600700,6453.32000000,0.05400600,6454.88000000,0.50693600,6453.31000000,0.00316900,6454.96000000,0.13720500,6453.00000000,0.30526800,6454.97000000,0.45500000,6452.66000000,0.07309000,6454.99000000,1.24555600,6452.40000000,0.07110200,6455.01000000,0.00550000,6452.00000000,0.04422400,6455.02000000,0.94699100,6451.00000000,0.10823700,6455.37000000,0.08281400,6450.35000000,1.04593300,6455.38000000,1.59120300,6450.00000000,1.32856100,6455.42000000,0.12521000,
1537190180.47,2018-09-17 21:16:20,6453.00000000,0.10691300,6454.84000000,0.50693600,6452.66000000,0.07309000,6454.85000000,2.00000000,6452.40000000,0.07110200,6454.96000000,0.15344600,6452.00000000,0.04422400,6454.97000000,0.45500000,6451.00000000,0.10823700,6454.99000000,1.24555600,6450.35000000,1.04593300,6455.01000000,0.00550000,6450.00000000,1.32856100,6455.02000000,0.94699100,6449.60000000,0.75363300,6455.37000000,0.08281400,6449.55000000,0.37595800,6455.38000000,1.59120300,6448.95000000,0.13900000,6455.42000000,0.12521000,
1537190183.71,2018-09-17 21:16:23,6452.40000000,0.04870400,6454.84000000,0.44671500,6452.22000000,0.03779200,6454.96000000,0.18592800,6452.00000000,0.04422400,6454.97000000,0.45500000,6451.00000000,0.10823700,6454.99000000,1.24555600,6450.35000000,1.04593300,6455.01000000,0.00550000,6450.00000000,1.32856100,6455.02000000,0.94699100,6449.60000000,0.75363300,6455.37000000,0.08281400,6449.55000000,0.37595800,6455.38000000,1.59120300,6448.95000000,0.13900000,6455.42000000,0.12521000,6448.69000000,0.36100000,6456.05000000,0.50000000,
